2320 4030
367 172 481 230 152
608 190 710 229 ΠΒ.
746 187 825 228 111.
863 184 1005 226 SECT.
1043 185 1259 228 ALTERA.
1290 187 1355 227 m:
1388 188 1577 229 INDISS.
1608 190 1766 231 MATR.
1798 192 1999 234 cmus'r.

364 291 568 352 cludit:
610 314 638 346 «
665 288 813 371 Hinc
841 287 1076 348 infertur
1111 288 1493 348 omnimodam
1529 289 2078 353 indissolubilitatem
2109 316 2221 354 non

362 399 670 468 competere
714 384 1067 445 matrimonio
1112 399 1499 445 consummato
1542 408 1609 445 ex
1653 399 1882 447 naturae
1925 390 2070 461 iure,
2120 390 2221 449 sed

362 506 428 543 ex
478 481 684 540 Christi
729 481 920 541 divino
956 495 1248 564 praecepto
1287 482 1528 563 positivo
1569 484 1712 563 quod
1753 486 1898 544 Deus
1941 489 2227 546 coniunoeit

363 580 510 637 homo
544 599 650 635 ηοη
693 590 930 661 separet,
982 578 1078 637 ubi
1124 578 1361 637 elevavi-t
1405 570 1823 639 matrimonium
1861 581 1930 639 ad
1962 603 2088 642 esse
2131 605 2224 642 sa—

359 673 624 733 cramenti
651 721 664 745 ,
700 685 754 733 et
782 687 844 733 ut
874 685 1318 755 repraesentaret
1359 673 1811 734 indissolubilem
1847 675 2057 736 Christi
2099 699 2226 737 cum

361 769 601 829 ecclesia
645 792 746 851 per
789 792 1014 830 carnem
1058 769 1324 829 unionem
1361 770 1591 849 (104).»

483 865 628 925 Huic
678 867 846 926 etiam
891 865 1201 926 sententiae
1249 865 1506 945 energice
1560 865 1928 927 Bellarminus
1971 868 2224 940 insistit,

360 960 495 1020 dum
539 961 782 1022 scribere
825 984 938 1022 non
981 961 1225 1020 dubitat:
1261 959 1420 1020 «Illa
1450 962 1772 1022 omnimoda
1813 963 2228 1023 indissolubili-

356 1071 442 1118 tas
487 1058 545 1116 in
587 1058 718 1118 unis
764 1058 978 1140 nuptiis
1023 1080 1133 1117 non
1176 1069 1360 1139 potest
1403 1057 1594 1117 referri
1640 1059 1699 1117 in
1746 1081 1974 1120 causam
2018 1060 2229 1142 prima-

357 1154 522 1226 riam,
558 1167 611 1214 et
645 1155 1036 1225 certissimam,
1074 1153 1183 1213 nisi
1222 1153 1280 1211 in
1320 1153 1543 1233 signum
1581 1155 1986 1216 coniunctionis
2019 1156 2228 1215 Christi

357 1271 483 1309 cum
530 1250 767 1310 ecclesia
789 1299 802 1323 ‚
847 1250 905 1308 in
957 1272 1126 1331 quam
1159 1271 1388 1309 causam
1422 1262 1688 1332 perpetuo
1717 1250 2060 1330 Augustinus
2092 1273 2216 1311 eam

363 1345 825 1406 insolubilitatem
871 1346 1037 1406 refert
1072 1349 1305 1426 (105).»

479 1443 549 1502 Et
591 1465 732 1503 sane
772 1466 819 1503 s.
856 1443 1205 1523 Augustinus
1251 1443 1468 1525 passim
1511 1442 1658 1503 hanc
1701 1442 2009 1504 doctrinam
2051 1444 2227 1505 incul-

355 1552 478 1612 cat,·
515 1539 598 1600 sic
628 1540 687 1598 in
730 1539 830 1598 lib.
867 1541 911 1598 Ι.
951 1540 1031 1599 De
1061 1541 1300 1622 nuptiis:
1341 1566 1370 1597 «
1399 1540 1677 1611 Quoniam
1709 1561 1821 1600 non
1859 1552 2075 1600 tantum
2117 1540 2235 1600 foe-

355 1635 648 1708 cunditaS‚
684 1636 845 1696 cuius
878 1635 1091 1696 fructus
1126 1637 1186 1695 in
1218 1636 1371 1720 prole
1400 1651 1504 1709 est,
1541 1658 1644 1697 nec
1676 1649 1890 1698 tantum
1923 1635 2222 1722 pudicitia,

353 1732 515 1792 cuius
558 1732 844 1792 vinculum
894 1747 979 1793 est
1031 1733 1207 1806 fides,
1247 1755 1440 1794 verum
1496 1734 1666 1793 etiam
1709 1733 1994 1815 quoddam
2032 1756 2220 1794 sacra-

352 1841 602 1888 mentum
628 1829 948 1910 nuptiarum
973 1829 1394 1888 commendatur
1416 1829 1681 1889 fidelibus
1706 1830 2049 1909 coniugatis,
2074 1827 2225 1887 unde

356 1924 493 1983 dicit
521 1924 852 2006 Apo-stolus:
900 1924 1032 1992 Viri,
1063 1924 1277 2004 dilz'qite
1310 1947 1509 1984 umores
1542 1938 1773 1994 vestras,
1797 1927 1937 1983 sicut
1970 1925 2221 1983 Christus

354 2019 554 2078 dileoeit
594 2020 872 2078 ecclesiam
927 2021 1113 2097 (106).
1139 2045 1166 2075 2>
1210 2020 1425 2078 Deinde
1463 2020 1682 2079 subdit:
1732 2044 1762 2076 c<
1787 2020 1969 2078 Huius
2023 2018 2222 2099 procul

360 2114 535 2174 dubio
581 2115 914 2175 sacramenti
960 2137 1048 2173 res
1101 2128 1186 2175 est
1234 2115 1380 2194 (hoc
1422 2130 1509 2175 est
1551 2116 1846 2194 effectus),
1897 2128 1956 2174 ut
1999 2137 2119 2174 mas
2165 2129 2220 2175 et

353 2211 598 2272 foemina
627 2212 908 2272 connubio
954 2211 1226 2292 copulati,
1269 2212 1540 2293 quamdiu
1574 2213 1795 2284 vivunt,
1834 2212 2226 2292 inseparabili-

351 2319 434 2365 ter
477 2320 862 2387 perseverent,
892 2328 994 2366 nec
1031 2307 1221 2378 liceat,
1260 2322 1490 2387 excepta
1533 2329 1703 2366 causa
1747 2307 2156 2378 fornicationis,
2194 2328 2228 2366 a

352 2403 595 2483 coniuge
634 2406 927 2483 coniugem
972 2403 1181 2461 dirimi.
1219 2401 1336 2463 Hoc
1371 2404 1520 2462 enim
1551 2404 1862 2463 custoditur
1904 2404 1960 2461 in
2004 2403 2228 2463 Christo

351 2513 406 2559 et
448 2500 714 2572 ecclesia,
752 2514 813 2560 ut
841 2501 1037 2560 vivens
1070 2523 1196 2560 cum
1240 2500 1463 2560 vivente
1507 2501 1566 2559 in
1621 2514 1910 2560 aeternum
1949 2499 2103 2559 nullo
2149 2499 2229 2557 di-

348 2597 526 2656 vortio
578 2608 886 2677 separetur.
921 2596 1095 2656 Cuius
1133 2597 1469 2656 sacramenti
1509 2610 1661 2656 tanta
1693 2596 2009 2656 observatio
2054 2596 2227 2656 estin

351 2693 581 2754 civitate
620 2694 722 2753 Dei
755 2694 959 2765 nostri,
1003 2694 1059 2752 in
1093 2707 1279 2754 monte
1323 2706 1515 2754 sancto
1560 2694 1717 2764 eius,
1755 2693 1861 2752 hoc
1904 2693 2090 2752 estin
2137 2715 2227 2752 ec-

349 2788 524 2847 clesia
566 2788 808 2861 Christi,
866 2790 1185 2872 quibusque
1240 2790 1501 2848 fidelibus
1562 2789 1910 2870 coniugatiS,
1960 2789 2057 2869 qui
2104 2788 2226 2848 sine

349 2883 523 2944 dubio
554 2885 803 2945 membra
854 2900 983 2945 sunt
1013 2886 1259 2958 Christi,
1295 2900 1388 2958 ut,
1426 2908 1553 2946 cum
1578 2885 2229 2966 filiorumprocreando-

349 3001 472 3038 rum
503 3000 675 3039 causa
704 2980 790 3039 vel
822 2980 1035 3040 nubant
1065 2982 1369 3053 foeminae,
1406 2982 1494 3041 vel
1524 2982 1801 3041 ducantur
1840 3002 2072 3052 uxoreS,
2122 3003 2224 3040 nec

350 3076 599 3136 sterilem
643 3078 939 3157 coniugem
978 3078 1139 3137 facile
1177 3079 1253 3137 sit
1297 3079 1646 3159 relinquere,
1698 3090 1758 3136 ut
1801 3078 1912 3137 alia
1950 3078 2226 3138 foecunda

348 3171 601 3233 ducatur.
641 3172 803 3242 Quod
834 3173 883 3234 si
913 3173 1215 3255 quisquam
1246 3173 1470 3245 fecerit,
1507 3195 1618 3234 non
1648 3172 1769 3253 lege
1800 3172 1976 3234 huius
2014 3172 2216 3243 seculi,

477 3372 586 3423 (104)
611 3372 715 3412 lbid.
735 3382 776 3412 n.
797 3378 833 3413 8.

469 3439 578 3490 (105)
610 3442 669 3480 De
689 3440 826 3480 matr.
852 3450 888 3479 c.
910 3441 978 3480 lv.
998 3451 1037 3479 n.
1063 3444 1102 3479 2.

467 3506 576 3559 (106)
598 3508 697 3559 Cap.
718 3510 766 3548 X.
787 3512 904 3550 n.10.
925 3509 1028 3559 Opp.
1051 3506 1113 3547 ed.
1135 3507 1261 3546 Maur.
1284 3506 1379 3546 tom.
1405 3508 1451 3545 X.
