2320 4030
509 300 622 337 1:1³1».
642 300 676 337 1.
704 299 767 337 ni:
791 298 1077 337 rotimum
1109 296 1452 335 sumtuum.
1493 297 1605 334 Aur.
1632 297 1667 333 1.
1936 276 1998 331 21

291 395 766 465 Quemadmodum
810 394 975 472 igitur
1015 406 1225 452 veteres
1272 392 1399 450 illae
1430 406 1609 451 sectae
1641 393 1750 450 iam
1786 391 2006 449 habitae

174 505 306 551 sunt
346 506 406 550 ut
448 490 753 549 honestatis
799 487 1053 568 publicae
1096 509 1160 545 ac
1205 488 1485 546 societatis
1516 487 1759 546 dedecus
1791 510 1855 545 ac
1887 509 2011 568 pro-

176 588 334 645 brum
358 636 369 655 ,
419 587 563 644 idem
606 598 690 644 est
732 582 1015 642 ferendum
1062 582 1132 640 de
1165 583 1566 642 recentioribus>
1593 584 1879 642 iudicium.
1919 584 2014 642 Re-

176 706 306 742 vera
347 681 667 741 huiusmodi
711 679 1202 738 communistarum
1249 692 1432 737 sectae
1474 679 1666 738 haberi
1710 680 1913 739 debent
1955 694 2034 745 ut,

177 780 382 860 publici
413 777 689 837 societatis
722 776 910 834 hostes
942 797 1051 834 non
1082 774 1246 833 modo
1276 773 1346 832 ob
1377 775 1819 834 communionem
1843 798 2010 856 quam

177 875 496 954 praedicant
536 872 806 931 bonorum
837 871 1082 930 omnium
1107 919 1118 940 ,
1155 869 1253 928 sed
1285 869 1450 928 etiam
1472 916 1483 938 ,
1523 869 1632 927 imo
1663 871 1900 929 maxime
1942 870 2012 930 ob

177 971 391 1030 foedam
435 968 582 1027 illam
627 969 1070 1027 communionem
1114 966 1405 1024 mulierum
1449 987 1613 1045 quam
1668 966 2010 1045 proclamare

175 1088 282 1125 non
324 1078 597 1125 verentur.
634 1066 702 1122 Et
730 1063 1093 1122 nihilominus
1126 1061 1352 1144 pessimi
1385 1060 1707 1119 huiusmodi
1752 1061 2006 1120 homines

173 1184 236 1220 se
277 1162 482 1221 iactant
522 1162 802 1220 societatis
845 1173 1212 1242 reparatoreS,
1262 1156 1615 1239 potissimum
1654 1179 1784 1216 vero
1821 1157 2013 1218 libera-

174 1270 318 1315 tores
346 1257 896 1336 emancipator-esque
925 1254 1239 1312 mulierum.

290 1351 400 1410 Sed
431 1364 647 1431 praeter
675 1350 823 1408 dicta
854 1348 1014 1407 facile
1043 1361 1129 1406 est
1171 1347 1380 1406 directe
1420 1348 1713 1407 ostendere
1753 1348 2014 1409 huiusce—

175 1446 323 1506 modi
366 1446 771 1504 communitatis
801 1444 1163 1503 foeminarum
1195 1456 1458 1522 patronos
1491 1464 1601 1501 non
1633 1443 1797 1503 modo
1828 1445 2008 1523 digni-

174 1542 272 1600 tati
296 1563 359 1600 ac
383 1541 618 1600 libertati
642 1562 809 1620 quam
833 1540 1039 1598 iactant
1060 1539 1334 1619 sequioris
1360 1560 1524 1596 sexus
1548 1539 1778 1598 minime
1801 1542 2016 1621 prospi-

175 1659 324 1707 cere,
354 1659 586 1717 eamque
607 1658 947 1717 promovere,
988 1635 1084 1693 sed
1120 1634 1304 1714 potius
1339 1634 1625 1692 mulierem
1649 1657 1681 1693 a
1706 1657 1806 1695 suo
1838 1636 2014 1715 gradu

171 1733 415 1792 deiicere
435 1781 447 1803 ,
475 1732 928 1812 mancipiumque
947 1731 1285 1790 vilissimum
1310 1730 1546 1789 efficere.
1575 1731 1713 1789 Vera
1737 1731 2012 1811 siquidem

174 1829 445 1887 foeminae
487 1828 730 1907 dignitas
762 1829 820 1885 in
850 1827 1185 1886 verecundia
1224 1825 1517 1895 consistit,
1557 1826 1614 1882 in
1646 1827 1854 1885 sanctis
1885 1849 2015 1886 con—

172 1923 310 2001 iugii
354 1922 569 2001 legibus
614 1922 714 1980 rite
757 1921 1077 1990 servandiS,
1121 1921 1176 1977 in
1215 1920 1423 2000 optima
1453 1941 1517 1977 ac
1549 1919 1811 1999 religiosa
1842 1922 2013 2002 prolis

173 2018 550 2087 institutione,
588 2018 642 2075 in
674 2017 1003 2097 aequalibus
1049 2029 1223 2074 status
1270 2015 1438 2074 huius
1492 2016 1709 2075 iuribus
1756 2018 2008 2089 tuendis,

171 2115 227 2171 in
260 2114 573 2194 praebendo
596 2114 664 2172 de
689 2135 749 2172 se
770 2113 1035 2172 virtutum
1066 2113 1311 2171 omnium
1350 2111 1635 2192 exempIO,
1675 2135 1820 2193 quae
1852 2136 2013 2172 suum

171 2231 364 2268 sexum
400 2231 663 2272 exornare
695 2208 931 2278 debent,
968 2208 1023 2265 in
1057 2208 1281 2290 propria
1310 2208 1667 2286 agnoscenda
1698 2210 2013 2290 tuendaque

169 2304 472 2383 dignitate,
525 2306 580 2363 in
625 2304 889 2363 fidelitate
923 2304 1243 2363 omnimoda
1285 2304 1564 2383 coniugali
1608 2306 2006 2377 custodienda,

171 2399 227 2456 in
257 2400 463 2458 muniis
495 2400 830 2460 domesticae
865 2399 1146 2458 societatis
1192 2399 1496 2470 obeundiS‚
1534 2413 1698 2481 atque
1727 2414 1788 2459 ut
1819 2403 2012 2482 paucis

171 2495 356 2553 omnia
400 2496 764 2577 complectar,
813 2495 870 2552 in
912 2517 976 2553 eo
1018 2508 1101 2553 est
1147 2494 1419 2554 foeminae
1460 2495 1702 2575 dignitas
1748 2511 1809 2556 ut
1850 2499 1907 2555 in
1953 2522 2012 2557 se

173 2600 363 2666 typum
421 2590 667 2649 mulieris
725 2590 1062 2649 christianae
1117 2591 1458 2671 praeseferat
1500 2605 1665 2671 atque
1711 2591 1909 2650 realem
1956 2594 2010 2650 in

171 2702 234 2738 se
270 2683 527 2744 exhibeat
560 2706 679 2742 eam
719 2684 967 2744 mulieris
991 2685 1173 2743 ideam
1199 2707 1366 2765 quam
1390 2685 1612 2744 exhibet
1641 2685 1830 2743 divina
1852 2686 2011 2743 Chri-

173 2775 243 2832 sti
285 2776 494 2854 religio.
533 2777 772 2846 Quaevis
803 2778 873 2836 ab
903 2778 994 2836 his
1026 2778 1234 2856 regulis
1274 2800 1337 2836 ac
1379 2778 1596 2857 legibus
1633 2778 1873 2838 deviatio
1906 2781 2011 2840 foc-

173 2870 377 2928 minam
422 2871 644 2929 omnino
688 2871 978 2951 deturpat,
1025 2885 1244 2952 atquea
1268 2872 1443 2951 gradu
1478 2895 1580 2932 suo
1619 2874 1674 2931 in
1714 2897 1824 2955 quo
1858 2875 2008 2934 illam

169 2964 618 3023 christianismus
663 2966 983 3036 collocavit,
1018 2979 1071 3025 et
1112 2966 1180 3024 ad
1225 2989 1388 3047 quem
1434 2967 1583 3025 illam
1623 2969 1816 3027 extulit
1847 2970 2009 3050 plane

168 3060 427 3119 detrudit.
1654 3078 1659 3082 ·

287 3155 379 3213 Vel
415 3157 535 3236 ipse
571 3159 879 3218 communis
925 3160 1211 3219 hominum
1251 3182 1452 3219 sensus
1493 3161 1631 3219 haec
1662 3164 1847 3221 omnia
1877 3184 2007 3221 con-

172 3251 369 3310 firmat.
410 3252 693 3334 Quidquid
726 3255 871 3313 enim
907 3256 1160 3325 sectarii,
1197 3278 1338 3336 quos
1378 3257 1800 3338 impugnamuS,
1851 3257 2006 3331 novis

168 3346 287 3405 suis
325 3347 552 3408 theoriis
598 3350 902 3409 effutierint
932 3351 1068 3410 citra
1097 3373 1259 3410 omne
1289 3351 1519 3410 dubium
1550 3366 1661 3423 est,
1699 3352 1847 3412 solas
1881 3351 2004 3410 illas

170 3440 426 3519 mulieres
455 3445 662 3524 passim
696 3445 844 3525 apud
876 3467 1066 3504 omnes
1105 3459 1295 3524 gentes
1327 3447 1639 3519 aestimari,
1668 3447 1852 3525 magni
1886 3447 2003 3505 fieri

169 3547 221 3591 et
253 3538 619 3597 commendari
655 3561 800 3618 quae
843 3540 1123 3610 castitate,
1178 3540 1443 3620 pudicitia
1487 3564 1551 3600 ac
1593 3541 1861 3600 modestia
1906 3533 2004 3598 ssoss
