2320 4030
422 300 535 340 cir.
560 301 602 339 1.
634 298 699 338 ni:
730 297 1018 340 POLYGAmA
1050 295 1394 339 smumANssA.
1425 295 1543 337 Aur.
1570 294 1643 336 1v.
1671 309 1674 312 >
1895 276 1970 341 69

119 398 302 458 suerit.
330 396 490 467 Quod
515 410 660 457 certe
692 395 1070 477 suspicionem
1085 415 1201 453 non
1233 395 1508 470 immerito
1533 391 1736 473 ingerit
1757 391 1827 451 de
1849 392 1971 451 eius

117 495 373 566 veritate,
412 516 538 554 cum
570 490 896 553 incredibile
928 490 1185 551 videatur
1214 490 1323 548 cito
1353 490 1493 550 adeo
1531 489 1671 549 tanti
1707 488 1975 548 momenti

116 593 515 653 documentum
559 588 838 648 excidisse
890 588 1077 664 (174).
1124 585 1233 643 Alii
1284 607 1415 645 vero
1467 585 1717 645 absolute
1771 596 1977 663 negant

119 688 394 748 eiusmodi
438 684 728 766 epistolam
771 683 950 742 fuisse
990 705 1024 742 a
1067 682 1329 761 Gregorio
1359 682 1433 739 ΙΙ.
1470 695 1750 741 exaratam
1795 679 1972 738 innixi

119 796 406 865 praeterea
434 780 655 840 silentio
678 778 946 849 Othonis,
977 791 1029 838 et
1048 776 1367 837 Willibardi
1398 779 1589 854 (175).
1615 776 1812 847 Quoad
1845 797 1974 857 par-

119 892 229 938 tem
265 899 395 938 vero
430 875 754 945 iudiricam,
798 874 894 932 alii
931 886 1161 933 censent
1194 872 1286 952 agi
1330 871 1388 929 in
1431 893 1499 930 ea
1539 871 1608 930 de
1654 871 1975 931 infirmitate

122 979 416 1055 perpetua,
463 993 565 1030 seu
603 970 672 1029 de
714 970 1074 1051 impotentia,
1107 990 1221 1050 qua
1265 967 1467 1027 mulier
1510 967 1967 1038 illa‘laborabat‚

117 1068 372 1148 adeoque
400 1067 470 1126 de
501 1066 902 1146 impedimento
931 1065 1246 1125 dirimente.
1277 1063 1440 1134 Quod
1467 1063 1746 1124 coniicere
1776 1064 1861 1123 fas
1892 1076 1977 1124 est

116 1177 234 1222 tum
263 1163 400 1244 quia
427 1162 599 1222 verba
627 1162 912 1243 pontificis
952 1162 1098 1221 hanc
1141 1160 1654 1241 interpretationem
1686 1160 1978 1220 admittere

118 1270 381 1339 possunt,
419 1270 535 1316 tum
564 1257 698 1338 quia
726 1256 964 1338 epistola
994 1279 1042 1316 S.
1070 1255 1341 1316 Bonifa'cii
1376 1277 1444 1314 ex
1473 1276 1588 1336 qua
1616 1254 1974 1314 determinari

120 1367 312 1434 posset
354 1353 600 1432 genuina
642 1374 800 1412 mens
845 1352 1049 1413 summi
1086 1351 1372 1433 pontificis
1405 1351 1477 1410 ad
1513 1372 1616 1411 nos
1646 1372 1757 1411 non
1788 1371 1978 1431 perve-

118 1448 200 1507 nit
228 1496 241 1518 ,
288 1470 354 1507 ac
398 1447 775 1529 praesumptio
813 1446 959 1508 favet
994 1446 1125 1506 huic
1161 1447 1323 1507 docto
1358 1459 1663 1527 sanctoque
1694 1445 1971 1527 pontifici,

119 1544 218 1623 qui
251 1542 494 1623 profecto
532 1542 708 1602 noluit
728 1542 799 1602 ab
820 1541 1153 1621 Evangelica
1181 1554 1246 1609 et¹
1263 1542 1572 1623 apostolica
1603 1541 1863 1612 doctrina⁴
1885 1562 1978 1608 ,re-

118 1639 314 1698 cedere
343 1651 509 1719 atque
538 1660 570 1696 a
598 1639 868 1698 constanti
900 1638 1171 1700 maiorum
1203 1639 1455 1698 instituto
1479 1636 1823 1716 (176).Aliis
1845 1658 1976 1697 vero

122 1734 306 1814 placet
327 1734 384 1791 in
410 1732 506 1792 illo
536 1733 806 1814 rescripto
843 1733 934 1812 agi
970 1733 1040 1792 de
1076 1734 1336 1814 coniugio
1365 1747 1531 1793 antea
1559 1733 1617 1791 in
1648 1732 1978 1792 infidelitate

125 1838 425 1897 contractO,
445 1827 594 1908 quod
617 1848 745 1886 cum
765 1850 951 1886 verum
966 1827 1402 1909 quidemvfuerit,
1419 1850 1531 1887 non
1551 1840 1736 1888 autem
1749 1840 1929 1886 ratum
1945 1849 1980 1886 a

117 1923 382 2004 pontifice
411 1923 561 1982 iusta
590 1922 992 1982 interveniente
1012 1937 1184 1988 jcausa
1210 1924 1389 2004 potuit
1418 1923 1653 1992 dissolvi
1678 1925 1837 2001 (177)
1855 1923 1980 1981 .·Ve-

115 2041 237 2086 rum
261 2009 332 2077 de
352 2018 457 2078 hoc
484 2019 752 2099 rescripto
775 2019 972 2078 iterum
998 2019 1055 2077 in
1079 2018 1251 2078 alter-a
1273 2019 1519 2078 sectione
1540 2018 1748 2078 redibit
1767 2040 1969 2078 sermo.

236 2112 373 2172 Cum
408 2113 578 2192 igitur
598 2135 664 2177 ex
686 2114 1317 2195 universa-antiquitate
1340 2113 1449 2173 hoc
1477 2136 1650 2179 unum
1682 2113 1979 2174 documen-

116 2220 230 2269 tum
261 2231 360 2290 pro
391 2209 710 2290 polygamia
739 2210 1024 2281 afferatur,
1056 2209 1310 2291 illudque
1332 2223 1411 2270 tot
1434 2209 1508 2270 sit
1530 2209 1832 2270 obnoxium
1857 2210 1977 2270 sive

115 2303 324 2363 criticis
370 2304 488 2364 sive
531 2305 963 2365 hermeneuticis
1005 2305 1462 2376 difficultatibus,
1514 2318 1843 2386 argumento
1892 2295 1989 2366 est

118 2397 462 2465 ineluctabili
502 2413 827 2480 perpetuam
860 2414 1322 2482 constantemque
1362 2400 1632 2460 ecclesiae
1667 2401 1978 2461 doctrinam

122 2481 328 2567 fuisse,
375 2496 783 2575 monogamiam
817 2518 850 2555 a
880 2495 1102 2555 Christo
1134 2497 1372 2556 Domino
1410 2497 1768 2560 constitutam
1813 2518 1971 2567 esse,

122 2588 372 2669 adeoque
402 2590 459 2648 in
487 2590 612 2671 lege
656 2590 978 2671 evangelica
1020 2591 1270 2652 illicitam
1314 2593 1540 2652 omnino
1585 2614 1711 2652 esse
1746 2592 1979 2674 polyga-

123 2701 312 2739 miam.

247 2774 441 2835 Cetera
468 2798 600 2838 vero
629 2801 775 2859 quae
804 2781 991 2840 afferri
1023 2803 1064 2840 a·
1086 2780 1372 2841 nonnullis
1405 2781 1586 2841 solent
1626 2781 1718 2841 vix
1759 2781 1979 2864 disqui-

123 2870 381 2929 sitionem
436 2885 749 2946 merentur,
807 2875 941 2956 quia
993 2889 1089 2935 aut
1139 2876 1403 2936 destituta
1446 2889 1575 2936 sunt
1618 2876 1979 2938 fundamento

239 3025 345 3075 (174)
375 3027 435 3066 lta
454 3027 608 3079 collat,
633 3031 696 3069 De
714 3032 905 3070 matrim.
921 3042 1011 3082 cap.
1027 3034 1076 3071 V.
1094 3043 1135 3071 n.
1158 3038 1245 3073 131.

242 3091 348 3142 (175)
373 3092 443 3132 Uti
467 3094 711 3134 Brintlierim
738 3095 778 3134 in
803 3107 870 3147 op.
885 3098 1170 3137 Monumenta
1198 3100 1355 3150 primi,
1383 3097 1516 3139 medii
1543 3101 1832 3140 cenovissz'mi
1860 3100 1979 3148 aevi,

122 3158 221 3195 tom.
244 3158 315 3196 Vl.
337 3169 379 3208 p.
399 3159 432 3198 Ι.
456 3169 497 3209 p.
517 3162 605 3199 431.
625 3160 697 3210 qui
716 3162 868 3211 tamen,
888 3163 935 3201 ut
954 3163 1098 3212 postea
1115 3162 1359 3214 videbimus,
1378 3165 1618 3205 sententiam
1638 3165 1825 3222 mutavit.

242 3223 349 3275 (176)
378 3226 438 3264 Ita
457 3226 607 3276 passim
632 3227 807 3279 theologi
827 3228 1070 3280 respondere
1089 3231 1241 3280 solent,
1267 3232 1343 3271 etsi
1363 3231 1563 3272 eiusmodi
1585 3220 1794 3283 responsio
1812 3231 1980 3272 Estioin

121 3287 192 3328 lib.
213 3291 251 3328 4.
274 3291 384 3330 Sent.
408 3290 450 3330 d.
474 3296 536 3332 33.
557 3291 595 3343 §.
618 3298 657 3332 6.
678 3292 850 3335 minime
875 3293 1074 3345 arrideat,
1108 3295 1225 3336 cuius
1249 3297 1371 3337 verba
1393 3297 1438 3337 in
1464 3297 1617 3338 nostris
1635 3296 1978 3343 praelectionibus

119 3355 348 3396 attulimus.

242 3421 349 3472 (177)
377 3424 491 3463 Hanc
512 3425 752 3466 sententiam
767 3426 980 3478 amplexus
999 3430 1062 3469 est
1081 3428 1342 3469 Sebastianus
1359 3429 1530 3470 Berardi
1546 3431 1590 3470 in
1609 3442 1677 3482 op.
1692 3431 1896 3471 Gratiani
1911 3439 1980 3470 ca-

122 3495 252 3591 gonels
273 3490 452 3593 {enutrit
471 3490 535 3534 ¹ab
562 3491 819 3546 apocryphis
846 3491 1045 3544 discreti,
1081 3505 1121 3546 p.
1151 3496 1439 3548 11.Ven.cap.
1462 3502 1526 3538 66.
1553 3495 1606 3538 de
1638 3507 1719 3548 qua
1754 3495 1910 3547 egimus
1938 3495 1981 3535 in

157 3560 223 3591 rae
242 3561 386 3594 00100.
