2320 4030
386 261 457 317 58
664 278 763 317 Lm.
801 277 876 315 111.
917 274 1059 313 sacr.
1099 275 1135 313 1.
1176 275 1238 313 ni:
1271 274 1424 315 MATR.
1455 275 1655 315 cniusr.
1696 274 1932 317 υΝιΤΑΤΕ.

383 363 698 454 ὃιγαμιάς
731 373 951 433 nomine
984 373 1107 432 heic
1141 395 1186 433 s.
1218 374 1424 455 Martyr
1453 374 1733 453 significat
1769 376 2075 434 secundum
2110 400 2228 437 mam

382 470 717 539 trimonium‚
758 468 906 550 quod
939 469 1092 528 iuxta
1123 469 1273 549 leges
1306 492 1561 530 romanas
1594 470 1897 551 quispiam,
1936 473 2226 552 repudiata

380 565 548 644 priori
593 586 762 622 uxore
807 586 931 622 cum
976 563 1147 623 altera
1190 565 1375 634 iniret,
1426 565 1573 645 quod
1619 565 1943 624 christianis
1994 567 2225 626 vetitum

380 681 502 718 esse
545 658 803 717 affirmat.
855 661 999 718 Sane
1042 661 1182 719 inter
1233 682 1514 719 sacrorum
1569 661 1915 742 eloquiorum
1966 663 2221 733 oracula,

379 775 520 834 quae
565 754 895 833 praemittit,
949 754 1086 813 illud
1131 755 1295 814 etiam
1342 756 1545 835 profert
1599 777 1665 814 ex
1721 757 1886 815 Marci
1932 758 1996 814 X.
2041 770 2089 815 et
2135 761 2232 836 qui

377 849 524 907 ducit
565 850 905 929 repudiatam
949 851 1016 908 ab
1048 852 1214 909 altero
1261 853 1378 909 viro
1407 853 1729 910 moechatur.

497 945 769 1005 Minucius
803 946 950 1004 Felix
995 947 1220 1006 scribit:
1250 947 1465 1005 «Unius
1511 948 1849 1007 matrimonii
1895 948 2114 1008 vinculo
2159 949 2227 1006 li-

377 1042 572 1101 benter
603 1041 978 1102 inhaeremus,
1017 1044 1387 1124 Cupiditatem
1420 1044 1775 1123 procreandi,
1812 1058 1905 1103 aut
1934 1068 2097 1103 unam
2126 1049 2227 1104 sci-

376 1159 519 1205 muS,
572 1150 667 1196 aut
710 1138 918 1197 nullam
955 1141 1181 1217 (142).»

498 1232 566 1291 Et
627 1233 766 1292 haec
830 1256 894 1292 ex
955 1235 1150 1315 primis
1219 1236 1394 1294 tribus
1454 1234 1729 1294 ecclesiae
1784 1236 2034 1307 seculis;
2100 1259 2227 1295 nam

380 1327 530 1407 quod
576 1327 770 1386 attinet
812 1329 882 1386 ad
927 1329 1113 1389 secula
1157 1330 1488 1411 posteriora,
1537 1330 1927 1409 vulgatissima
1984 1345 2113 1391 sunt
2163 1354 2226 1391 ac

382 1424 627 1481 omnium
657 1424 781 1482 trita
804 1424 1063 1483 manibus
1088 1426 1403 1485 testimonia
1421 1426 1639 1485 concilii
1664 1425 1986 1498 milevitani,
2012 1450 2089 1486 ss.
2106 1427 2229 1485 Am-

379 1518 581 1589 brosii,
618 1519 976 1601 Hieronymi,
1013 1521 1339 1599 Augustini,
1378 1522 1680 1581 Innocentii
1715 1524 1757 1580 1.
1796 1524 1892 1603 qui
1940 1523 2144 1583 Christi
2176 1537 2229 1582 et

380 1614 627 1693 Apostoli
676 1615 962 1674 doctrinae
1006 1617 1317 1676 innituntur
1360 1618 1416 1675 in
1452 1618 1823 1698 praedicanda
1853 1619 2220 1698 monogamia.

378 1710 594 1768 Etenim
639 1731 792 1769 conc.
832 1711 1211 1771 milevitanum
1237 1713 1523 1784 «Placuit,
1576 1714 1784 1794 inquit,
1833 1727 1894 1773 ut
1924 1714 2227 1773 secundum

381 1804 754 1883 evangelicam
799 1820 851 1864 et
894 1807 1255 1887 apostolicam
1300 1808 1688 1889 disciplinam,
1739 1831 1919 1889 neque
1959 1810 2226 1868 dimissus

378 1899 447 1958 ab
491 1921 700 1971 uxore,
750 1924 932 1982 neque
977 1903 1212 1962 dimissa
1257 1926 1288 1962 a
1320 1904 1515 1963 marito
1546 1904 1699 1964 alteri
1732 1905 2083 1984 coniugatum
2128 1906 2226 1964 sed

377 1995 455 2053 ita
497 2011 780 2067 maneant,
832 2010 924 2056 aut
967 1998 1191 2057 sibimet
1249 1999 1670 2058 reconcilientur
1709 2001 1935 2077 (143).»
1960 2000 2081 2069 Quo
2135 2022 2227 2059 ca-

382 2111 555 2161 none,
605 2104 664 2149 ut
709 2106 881 2172 patet,
932 2093 1185 2153 alludunt
1230 2094 1449 2153 concilii
1503 2109 1688 2175 patres
1733 2096 1803 2153 ad
1854 2095 2001 2174 leges
2055 2096 2227 2177 impe-

380 2187 581 2257 riales,
618 2210 650 2246 a
681 2188 913 2268 quibus,
951 2203 1010 2248 ut
1040 2191 1309 2260 diximus,
1360 2191 1585 2249 iteratae
1628 2191 1856 2271 nuptiae
1900 2205 2024 2272 post
2066 2214 2226 2272 repu—

380 2283 534 2340 dium
580 2285 1055 2364 permittebantur.
1094 2288 1147 2343 S.
1186 2285 1511 2345 Ambrosius
1535 2288 1694 2345 «Non
1727 2286 1851 2345 licet
1881 2287 2015 2357 tibi,
2058 2310 2226 2346 uxore

380 2380 626 2448 vivente,
666 2403 889 2440 uxorem
923 2382 1142 2441 ducere.
1181 2383 1319 2440 Nam
1354 2396 1407 2440 et
1437 2382 1600 2441 aliam
1633 2404 1926 2463 quaerere,
1962 2405 2087 2441 cum
2126 2383 2226 2442 ha—

382 2473 515 2532 beas
574 2488 751 2547 tuam,
810 2477 1016 2535 crimen
1074 2490 1157 2536 est
1210 2478 1466 2538 adulterii
1518 2479 1743 2556 (144).»
1778 2479 1983 2536 Eadem
2030 2479 2227 2559 repetit

382 2593 427 2629 s.
467 2572 842 2654 Hieronymus
874 2574 1191 2654 expendens
1224 2576 1428 2636 Christi
1460 2577 1626 2635 verba
1659 2577 1806 2657 apud
1839 2577 2030 2636 Matth.
2074 2578 2217 2634 XIX.

382 2668 710 2748 Quicumque
744 2683 845 2729 etc.
877 2671 1267 2753 «Ubicumque
1311 2687 1394 2731 est
1437 2673 1603 2751 igitur
1647 2674 1933 2732 fornicatio
1964 2687 2017 2732 et
2053 2674 2215 2732 forni-

380 2765 613 2824 cationis
659 2767 932 2846 suspicio,
983 2767 1155 2826 libere
1197 2791 1334 2828 uxor
1377 2769 1690 2828 dimittitur.
1729 2771 1796 2827 Et
1839 2770 1971 2850 quia
2015 2782 2223 2849 poterat

382 2861 664 2931 accidere,
713 2875 774 2920 ut
815 2862 1019 2943 aliquis
1066 2864 1398 2923 calumniam
1443 2865 1646 2924 faceret
1690 2866 1996 2935 innocenti,
2047 2878 2099 2924 et
2152 2865 2223 2924 ob

383 2957 682 3014 secundam
715 2959 966 3037 copulam
1004 2960 1354 3040 nuptiarum,
1401 2961 1568 3019 veteri
1609 2962 1819 3019 crimen
1860 2961 2216 3040 impingeret,

381 3051 462 3108 sic
492 3052 729 3131 priorem
761 3052 1036 3111 dimittere
1067 3053 1287 3112 iubetur
1309 3077 1564 3125 uxorem,
1593 3069 1651 3113 ut
1675 3055 2001 3124 secundam,
2046 3054 2220 3133 prima

379 3146 628 3215 vivente,
679 3169 787 3205 non
821 3146 1022 3206 habeat
1058 3150 1283 3225 (145).»

503 3286 609 3335 (142)
636 3288 684 3326 ln
712 3288 910 3337 Octavio,
933 3299 970 3326 n.
991 3293 1052 3327 31.
1071 3287 1177 3339 apud
1196 3288 1382 3327 Galland.
1405 3288 1518 3327 Bibe.
1536 3291 1655 3339 patr.
1679 3292 1776 3328 tom.
1804 3292 1852 3328 11.
1874 3302 1911 3339 p.
1933 3295 2020 3329 399.

501 3351 609 3403 (143)
634 3353 758 3393 Cone.
781 3353 948 3393 Milevit.
973 3356 1022 3392 ll.
1045 3365 1133 3404 cap.
1151 3357 1187 3395 7.
1211 3355 1309 3394 etin
1335 3354 1474 3394 codice
1494 3356 1647 3394 Canon.
1681 3356 1821 3395 eccles.
1854 3356 1974 3394 Afric.
2010 3366 2097 3394 can.
2131 3356 2218 3393 Cu.

381 3417 488 3469 apud
510 3418 707 3460 Harduin.
723 3421 831 3459 Acca
857 3419 1009 3460 concil.
1033 3423 1129 3460 tom.
1153 3422 1185 3460 1.
1206 3421 1283 3460 col.
1304 3426 1392 3461 913.

502 3486 608 3535 (144)
636 3485 724 3526 Lib.
747 3487 779 3525 Ι.
802 3488 859 3526 Dc
876 3487 1236 3527 Abrahanic.V11.
1260 3487 1323 3527 ed.
1345 3490 1474 3527 Maur.
1495 3490 1595 3527 tom.
1615 3489 1645 3527 Ι.
1664 3488 1740 3527 col.
1763 3494 1849 3529 302.

502 3551 606 3601 (145)
638 3555 870 3593 Comment.
894 3555 935 3592 in
968 3553 1123 3593 Matth.
1148 3564 1182 3592 c.
1203 3555 1308 3593 xlx.
1333 3553 1395 3592 ed.
1415 3553 1596 3603 vallars,
1626 3556 1720 3593 tom.
1746 3556 1832 3595 vn.
1854 3555 1928 3593 col.
1960 3558 2040 3594 1445.
