2320 4030
383 237 455 294 64
633 254 732 293 LIB.
770 252 846 291 111.
885 248 1060 289 sacrm
1091 247 1128 287 1.
1166 246 1229 286 DE
1269 247 1425 287 MATR.
1455 245 1658 286 cnmsr.
1689 246 1925 287 υΝιΤΑΤΕ.

380 351 705 411 testantibus
742 349 796 405 in
827 345 1028 425 Anglia
1066 347 1226 423 (159)
1270 345 1341 404 ad
1386 366 1582 403 novam
1626 343 1945 423 religionem
1990 365 2220 404 conver-r

380 448 495 517 sis,
543 457 760 504 sanctos
811 454 1180 520 congregant,
1233 441 1330 521 qui
1377 439 1635 518 religioso
1688 439 1982 498 fanatismo
2011 441 2219 515 „vitae

379 541 628 609 licentia,
678 538 957 618 simulque
999 537 1283 596 alacritate
1322 549 1373 595 et
1415 535 1728 595 constantia
1758 536 1815 592 in
1847 535 2064 594 colonia
2094 536 2219 593 fun-

378 634 561 693 danda
590 645 643 691 et
673 632 1047 713 promovenda
1082 632 1346 690 eminent.
1386 632 1533 689 Inter
1562 653 1656 690 eos
1688 630 2008 711 polygamia
2037 630 2217 708 magis

376 730 667 809 magisque
708 728 981 797 excrevit,
1033 727 1254 807 iamque
1297 748 1408 785 non
1451 726 1629 785 solum
1672 748 1793 784 eam
1839 725 2060 806 publice
2100 746 2223 804 pro-

379 826 633 896 fitentur,
668 847 859 884 verum
889 823 1055 882 etiam
1094 821 1269 879 innixi
1310 820 1552 879 libertati
1596 821 1971 880 conscientiae
2013 819 2223 878 crimen

378 919 759 979 intolerantiae
802 919 1049 997 irrogant
1104 917 1320 976 senatui
1365 917 1613 974 Statuum
1657 916 2080 976 Foederatorum
2125 915 2221 995 qui

378 1036 501 1073 eam
537 1013 829 1096 improbat.
867 1015 931 1071 In
974 1013 1097 1094 ipsa
1133 1011 1269 1071 urbe
1299 1010 1668 1089 Washington
1714 1010 2002 1091 periodica
2053 1030 2225 1090 quae-

378 1111 508 1169 dam
553 1111 759 1191 scripta
802 1110 1185 1191 publicantur,
1222 1130 1367 1188 quae
1407 1107 1860 1166 mormonitarum
1903 1128 2107 1166 causae
2137 1106 2224 1163 in-

380 1206 656 1275 serviunt,
701 1218 865 1286 atque
904 1205 962 1262 in
996 1204 1065 1263 iis
1111 1202 1428 1284 polygamia
1471 1224 1579 1261 non
1623 1201 1787 1261 modo
1830 1201 1983 1260 licita
2020 1202 2219 1260 asseri-

379 1313 494 1370 tur,
538 1299 637 1358 sed
681 1300 849 1358 etiam
892 1312 953 1357 ut
995 1298 1238 1356 medium
1269 1297 1341 1355 ad
1371 1296 1686 1355 beatitatem
1731 1296 1996 1355 maiorem
2027 1297 2083 1353 in
2115 1296 2225 1355 vita

379 1394 563 1453 futura
605 1394 962 1453 obtinendam
1006 1393 1271 1451 suadetur
1305 1396 1367 1450 ‘et
1409 1391 1842 1450 commendatur.
1879 1392 1959 1450 Eo
1995 1413 2227 1472 perven-

381 1503 496 1547 tum
518 1501 602 1547 est
625 1501 686 1548 ut
705 1489 939 1548 doceant
975 1488 1181 1546 nullam
1225 1487 1511 1546 mulierem
1554 1486 1623 1545 ad
1667 1485 1962 1545 coelestem
1994 1486 2222 1565 gloriam

381 1585 668 1664 pervenire
712 1606 877 1666 posse
920 1584 1029 1642 nisi
1073 1584 1255 1642 virum
1299 1582 1502 1641 habeat
1544 1605 1577 1640 a
1618 1604 1728 1663 quo
1783 1582 1954 1653 illuc,
2002 1595 2062 1640 ut
2117 1583 2226 1662 ipsi

381 1680 570 1749 aiunt,
609 1679 1019 1749 introducatur;
1056 1701 1239 1759 neque
1270 1678 1552 1738 hominem
1584 1678 1653 1737 ad
1685 1678 2075 1758 perfectionem
2107 1700 2231 1759 per-

380 1774 569 1833 venire
598 1797 764 1856 posse
795 1775 917 1834 sine
951 1796 1063 1832 una
1101 1774 1294 1833 saltem
1337 1796 1528 1845 uxore,
1565 1787 1618 1832 et
1647 1796 1711 1832 eo
1744 1774 2122 1834 sublimiorem
2153 1774 2233 1832 fu-

384 1885 562 1930 turam
607 1893 734 1929 esse
775 1871 895 1929 eius
941 1871 1129 1929 sedem
1174 1871 1229 1927 in
1276 1870 1501 1929 coelesti
1545 1870 1764 1929 civitate
1812 1892 1923 1950 quo
1967 1869 2230 1927 maiorem

384 1987 616 2024 uxorum
642 1988 933 2025 numerum
958 1987 1146 2024 secum
1171 1966 1306 2024 feret
1334 1968 1520 2043 (160).
1541 1966 1732 2024 Sectae
1754 1965 2023 2046 primores
2047 1987 2232 2023 exem-

383 2060 474 2141 plo
512 2083 613 2120 suo
651 2061 991 2141 patefaciunt
1033 2083 1201 2141 quam
1246 2060 1540 2119 sublimem
1584 2060 1641 2117 in
1687 2083 1829 2120 novo
1860 2083 1892 2119 a
1922 2081 1984 2120 se
2014 2061 2235 2139 excogi-

385 2169 493 2215 tato
524 2156 785 2237 paradiso
817 2156 1005 2215 sedem
1030 2156 1139 2215 sibi
1172 2155 1431 2236 pollicere
1465 2156 1799 2216 contendant
1828 2179 2060 2216 uxorum
2091 2178 2233 2238 quas

385 2250 595 2310 ducunt
640 2250 994 2310 multitudine
1029 2253 1213 2329 (161).
1248 2251 1647 2311 Huiuscemodi
1681 2252 1996 2324 doctrinae,
2032 2252 2234 2311 multo-

501 2452 609 2503 (159)
630 2453 671 2493 Si
694 2453 858 2494 fidimus
878 2455 1011 2495 sectae
1034 2453 1297 2494 relationibus
1315 2457 1669 2495 Mormonesanno
1692 2454 1856 2495 1857.in
1868 2457 2003 2505 Regno
2016 2455 2140 2494 Unito
2156 2458 2233 2494 An-

386 2519 503 2570 gHae,
523 2520 681 2560 Scotiae
700 2522 740 2560 et
763 2521 1013 2572 principatus
1026 2522 1227 2561 Gallensis
1241 2522 1507 2562 numerabant
1527 2521 1804 2573 12.pontifices
1819 2521 1930 2572 (high
1946 2521 2103 2572 priests)
2123 2525 2234 2560 1761.

385 2584 562 2625 seniores
595 2585 791 2636 (elders)‚
833 2592 943 2627 1590.
970 2586 1199 2627 sacerdotes
1231 2586 1424 2638 (priests)
1463 2593 1574 2627 1226.
1603 2587 1789 2627 doctores
1815 2586 2044 2637 (teachers)
2075 2587 2115 2626 et
2145 2592 2234 2626 682.

387 2650 598 2690 diaconos:
625 2651 762 2692 fideles
791 2663 888 2692 vero
917 2664 1024 2692 novo
1047 2654 1288 2704 baptismate
1307 2654 1488 2693 initiatos
1511 2659 1668 2704 50‚000.
1686 2664 1814 2704 eoque
1830 2653 2024 2704 amplius,
2045 2664 2067 2692 e
2087 2652 2236 2703 quibus

388 2721 545 2768 17‚000.
567 2718 617 2758 ad
638 2720 800 2758 sanctos
824 2719 968 2760 fratres
990 2720 1031 2758 in
1057 2720 1285 2760 Americam
1303 2721 1565 2771 emigrarunt.
1581 2720 1771 2771 Plerique
1799 2731 1847 2759 ex
1871 2719 1920 2759 iis
1943 2730 1991 2759 ex
2012 2719 2153 2770 Anglia
2185 2718 2235 2758 ad

388 2783 668 2824 New-Orleans
696 2785 903 2835 appellunt
928 2786 996 2825 alii
1030 2786 1081 2826 ad
1113 2786 1399 2837 Californiam;
1419 2780 1655 2837 atque'inde
1680 2786 1732 2826 ad
1759 2786 1902 2826 urbem
1920 2788 2050 2826 Lacus
2068 2786 2171 2826 Salis
2194 2785 2234 2824 in

388 2849 564 2889 Deseret
599 2851 870 2901 conveniunt,
901 2851 971 2891 ubi
998 2852 1033 2891 si
1069 2851 1233 2892 fidimus
1271 2863 1410 2892 eorum
1445 2852 1732 2903 patrocinatori
1767 2852 1809 2891 in
1841 2851 1940 2891 urbe
1968 2851 2238 2901 Washington

390 2914 511 2954 Elder
530 2917 643 2955 Pratt
662 2927 767 2956 anno
786 2923 899 2957 1853.
919 2917 999 2957 iam
1017 2923 1174 2967 3o,000.
1196 2919 1325 2958 sancti
1354 2918 1688 2958 numerabantur.
1710 2921 1762 2958 V.
1783 2919 1861 2958 loc.
1881 2918 1949 2958 cit.
1969 2929 2008 2969 p.
2031 2924 2119 2959 619.

507 2982 613 3031 (160)
640 2981 743 3022 Vide
767 2983 849 3023 The
866 2986 964 3024 Seer
980 2995 1085 3034 quae
1108 2984 1330 3035 publicatio
1355 2987 1415 3025 est
1431 2984 1635 3036 periodica
1661 2984 1833 3035 singulis
1851 2983 2071 3034 mensibus,
2093 2983 2136 3022 in
2155 2995 2235 3033 qua

386 3047 534 3098 passim
565 3048 815 3099 polygamiae
846 3050 1119 3100 patrocinium
1140 3051 1376 3102 suscipitur.

507 3114 613 3164 (161)
642 3116 687 3153 In
705 3114 860 3165 period.
878 3117 1058 3155 Univers
1080 3116 1242 3155 1.Fevr.
1259 3116 1478 3156 1857.haec
1496 3115 1715 3156 habentur:
1731 3119 1815 3156 «On
1836 3117 1884 3156 lit
1902 3116 2002 3155 dans
2016 3116 2162 3156 l’Echo
2175 3115 2236 3156 du

386 3178 611 3232 Pacifique
631 3179 686 3219 du
708 3186 745 3220 3.
761 3181 856 3220 Dee.
877 3186 988 3222 1856.
1005 3192 1059 3220 un
1077 3181 1394 3232 correspondant
1414 3181 1474 3222 du
1491 3185 1577 3221 San
1598 3184 1833 3222 Francisco
1851 3181 2020 3222 Herald
2046 3182 2104 3221 lui
2128 3182 2235 3222 four-

386 3247 447 3287 nit
469 3246 520 3286 de
536 3247 726 3287 Fillmore
744 3249 829 3298 city
848 3247 862 3298 (
878 3247 1012 3297 Utah)
1038 3258 1133 3287 sous
1152 3249 1190 3287 la
1210 3247 1303 3287 date
1329 3247 1383 3287 du
1414 3254 1473 3288 15.
1496 3249 1604 3299 Sept.
1624 3248 1784 3288 dernier
1801 3248 1996 3299 quelques
2014 3249 2234 3299 renseigne-

385 3314 517 3354 ments
542 3323 650 3353 assez
669 3313 859 3364 piquants
886 3325 955 3353 sur
982 3314 1021 3354 la
1047 3314 1274 3366 polygamie
1291 3314 1387 3354 chez
1406 3315 1465 3354 les
1484 3326 1691 3355 mormons
1706 3331 1715 3354 z
1733 3336 1744 3343 -
1760 3317 1835 3354 Les
1855 3314 2052 3355 membres
2069 3315 2123 3354 du
2145 3326 2237 3355 con-

387 3379 459 3420 seil
493 3378 546 3418 du
580 3382 895 3430 gouvernement
928 3381 1019 3420 sont
1046 3392 1095 3420 au
1123 3380 1291 3420 nombre
1317 3379 1367 3419 de
1399 3386 1458 3421 13.
1482 3381 1536 3421 lls
1572 3391 1623 3420 ne
1657 3381 1880 3432 paraissent
1916 3391 1988 3432 pas
2024 3381 2108 3420 etre
2143 3381 2239 3420 d'un

386 3446 587 3487 exterieur
616 3447 708 3487 bien
740 3447 925 3497 agreable
954 3447 1112 3499 d'apres
1132 3447 1171 3487 la
1188 3447 1372 3499 peinture
1391 3448 1515 3497 qu'on
1533 3459 1580 3487 en
1599 3447 1694 3496 fait,
1714 3448 1754 3487 et
1770 3446 1995 3498 cependant
2011 3447 2062 3487 ils
2078 3450 2150 3487 ont
2170 3459 2236 3487 en-

389 3513 539 3553 semble
557 3518 639 3555 171.
654 3515 920 3555 semmes.Les
938 3521 999 3555 26.
1014 3515 1211 3555 membres
1226 3514 1275 3554 de
1292 3515 1331 3555 la
1345 3514 1534 3554 chambre
1550 3513 1618 3554 des
1636 3514 1929 3564 representants
1947 3515 2016 3554 ont
2037 3514 2239 3554 ensemble
