2320 4030
540 331 545 336 .
594 300 705 341 ων.
744 301 780 341 1.
826 300 1114 342 mummi
1143 300 1484 342 smummm.
1520 298 1635 342 Anr.
1671 301 1713 340 ι.
1777 318 1783 344 1
1981 283 2052 343 13

234 400 491 458 universo
523 399 808 459 hominum
840 419 1043 478 genere
1081 396 1279 457 mulier
1321 411 1602 479 superstes
1644 397 1929 478 coniugali
1949 400 2060 460 soe-

231 494 361 553 dere
403 516 527 553 cum
568 494 740 554 sterili
781 493 977 552 marito
1012 492 1330 552 consociata
1364 494 1721 566 remanserit,
1768 515 2061 573 argumen-

233 602 347 648 tum
378 590 514 650 foret
542 589 732 648 mundi
776 588 944 647 finem
980 587 1272 647 advenisse
1291 635 1303 657 ‚
1333 600 1427 647 aut
1447 602 1508 649 ut
1527 589 1775 649 nonnulli
1805 604 2059 661 censent,

231 684 414 743 mariti
444 682 707 743 sterilitas
736 681 874 741 foret
894 681 1085 741 hoc-in
1115 703 1249 742 casu
1271 681 1724 762 impedimentum
1752 684 2018 744 dirimens
2041 733 2053 756 ,

228 778 477 859 adeoque
504 776 575 837 ob
603 776 784 836 maius
812 777 1020 836 bonum
1050 777 1461 838 conservandae
1504 777 1780 839 humanae
1820 779 2054 862 speciei,

226 873 394 953 priori
437 873 634 932 marito
675 872 947 944 dimisso,
989 884 1179 953 posset
1219 872 1453 932 alterum
1495 873 1697 933 ducere
1723 877 1867 954 (15).
1896 876 2061 946 Quod-

226 968 297 1026 ad
326 967 554 1027 alteram
590 980 801 1048 spectat
828 968 1182 1050 hypothesim
1207 967 1277 1027 de
1298 967 1527 1049 speciali
1557 982 1718 1049 pacto
1736 1015 1749 1039 ,
1783 993 1892 1030 non
1921 971 2057 1032 satis

224 1051 333 1144 per
363 1063 501 1122 illud
554 1063 944 1124 consuleretur.
977 1063 1149 1145 prolis
1203 1064 1560 1135 certitudini,
1616 1087 1795 1146 neque
1851 1066 2058 1127 idcirco

224 1159 443 1219 debitae
483 1160 829 1232 educationi,
877 1160 1154 1220 ordinaria
1195 1160 1389 1221 saltem
1429 1161 1634 1219 ratione
1676 1160 1733 1218 in
1775 1174 2058 1222 contractu

225 1254 319 1314 illo
361 1255 704 1325 successim,
761 1269 821 1315 ut
872 1254 984 1314 alia
1035 1254 1259 1314 silentio
1293 1264 1737 1336 praetereamus.
1792 1254 2058 1315 Similiter

224 1349 391 1409 relate
443 1349 514 1408 ad
563 1349 924 1432 hypothesim
975 1349 1211 1409 divinae⁴
1251 1348 1688 1431 dispensationis
1713 1394 1727 1422 ,
1781 1349 2057 1431 quidquid

221 1446 444 1504 demum
488 1446 561 1506 sit
600 1446 670 1505 de
711 1445 981 1525 singulari
1030 1445 1323 1507 Sanchezii
1375 1445 1678 1517 sententia,
1725 1467 1892 1526 quam
1946 1467 2056 1505 non

221 1540 497 1620 ignobiles
538 1554 790 1602 auctores
832 1540 1037 1601 falsam
1074 1553 1354 1622 reputant,
1402 1553 1547 1600 certe
1586 1540 1674 1600 vel
1705 1540 1826 1622 ipse
1858 1540 2058 1601 fatetur

223 1636 569 1713 communiter
607 1635 759 1695 illam
801 1635 956 1695 reiici
979 1683 992 1707 ,
1026 1656 1092 1694 eo
1121 1633 1271 1716 quod
1300 1634 1375 1693 sit
1402 1646 1584 1693 eontra
1622 1636 1804 1714 prima.
1830 1644 2055 1696 naturae

212 1732 514 1811 principia,
532 1742 593 1789 ut
613 1730 858 1811 loquitur
879 1751 927 1789 s.
943 1730 1182 1790 Thomas
1203 1731 1254 1807 (1
1268 1731 1350 1806 6).
1374 1727 1472 1788 Ast
1494 1749 1605 1788 non
1628 1729 1881 1810 estquod
1915 1729 2057 1790 ulte—

221 1823 338 1883 rius
361 1824 419 1883 in
443 1824 638 1884 otiosis
660 1824 934 1885 eiusmodi
959 1823 1368 1905 hypothesibus
1383 1822 1725 1884 excutiendis
1745 1845 2047 1886 versemur.

338 1917 440 1978 His
481 1919 649 1998 igitur
687 1918 972 1990 dimissis,
1009 1931 1071 1979 ut
1106 1929 1444 1980 revertamur
1470 1917 1541 1976 ad
1571 1917 1629 1975 id
1658 1918 1814 1977 ‘unde
1844 1918 2056 1981 disces-

221 2014 397 2073 simus
420 2062 432 2084 ,
468 2013 556 2075 vel
599 2014 708 2097 ipsi
752 2015 1082 2074 recentiores
1125 2013 1530 2076 eommunistae
1555 2034 1622 2071 ac
1649 2013 2052 2074 sansimoni'ani

218 2108 644 2190 locupletissimi
709 2122 877 2170 testes
937 2122 1068 2168 sunt
1130 2130 1256 2170 eum
1320 2107 1547 2167 notione
1600 2106 1844 2186 coniugii
1896 2107 2055 2188 poly-

218 2204 489 2263 andriam'
526 2226 638 2264 non
693 2225 860 2286 posse
887 2203 1240 2263 consistere.
1300 2203 1415 2264 -Nec
1467 2201 1617 2262 enim
1674 2201 1784 2282 ipsi
1847 2202 2053 2265 directe

216 2313 568 2380 propugnant
608 2299 992 2383 polyandriam
1013 2346 1026 2369 ‚
1055 2298 1176 2358 ¹sed
1205 2296 1707 2380 potius-eliminant
1735 2317 1800 2356 ac
1836 2297 2053 2356 destru-

214 2406 314 2453 unt
363 2395 541 2476 ipsam
593 2395 837 2474 coniugii
891 2394 1199 2464 notionem,
1245 2393 1385 2455 dum,
1422 2390 1765 2473 proclamant
1818 2414 2051 2452 uxorum

214 2490 655 2567 communionem
700 2511 800 2549 seu
844 2489 1031 2569 potius
1060 2488 1355 2546 mulierum
1378 2534 1390 2558 ‚
1425 2507 1566 2567 quas
1599 2485 1807 2546 solutas
1849 2486 2052 2547 vellent

214 2603 247 2641 a
289 2584 487 2663 quavis
529 2584 866 2644 matrimonii
909 2583 1198 2645 servitute.‘
1228 2584 1292 2640 In
1335 2582 1566 2641 istorum
1599 2593 1900 2661 systemate
1927 2603 2052 2641 con-

215 2676 396 2757 iugale
435 2678 718 2739 vinculum
746 2691 831 2737 est
857 2679 1087 2741 servitus
1116 2690 1369 2758 respectu
1397 2675 1674 2741 foeminae
1692 2721 1706 2744 ,
1740 2696 1908 2753 quam
1939 2674 2049 2756 ipsi

215 2770 925 2851 emanciparecontendunt
944 2818 956 2842 ,
993 2784 1066 2829 ut·
1085 2771 1308 2829 liberam
1330 2768 1568 2838 faciant3
1597 2767 1874 2847 siquidem
1887 2767 2049 2830 'iuxta

214 2866 370 2945 ipsos
413 2865 571 2944 leges·
591 2864 853 2927 connubii
884 2863 1445 2944 iugum-constituunt
1473 2861 1816 2920 intolerabile
1835 2910 1847 2933 ‚
1882 2875 2050 2943 atque

213 2960 438 3040 penitus
465 2959 953 3040 disrumpendum3
973 2957 1165 3019 volunt
1193 2953 1385 3038 utique
1406 2956 1697 3037 familiam,
1728 2968 1784 3019 at
1806 2955 2051 3021 familiae

331 3157 414 3207 (15)
441 3157 504 3199 Cf.
524 3157 690 3201 Sh'warz
705 3168 772 3208 op.
785 3159 827 3198 et
844 3157 923 3201 loc.
939 3158 1010 3213 cit.
1158 3202 1161 3204 ,

332 3224 446 3262 Hanc
457 3222 638 3262 eamdem
649 3222 930 3263 difficultatem
943 3222 1018 3263 sibi
1036 3222 1300 3274 proposuerat
1306 3221 1573 3262 Bellarminus
1585 3222 1644 3261 De
1657 3221 1951 3271 matrtmrcap.
1961 3221 2049 3269 XL,

216 3287 498 3339 responditque
530 3288 688 3329 nullum
723 3299 810 3329 esse
841 3288 1068 3340 periculum
1086 3291 1134 3329 ut
1151 3289 1245 3328 talis
1265 3299 1381 3329 casus
1400 3286 1571 3328 accidat.
1591 3289 1680 3327 Deo
1694 3286 1802 3326 enim
1835 3296 1956 3326 curae
1988 3286 2051 3326 est

219 3353 469 3403 providentia
495 3355 648 3405 generis
675 3355 855 3396 humani.
874 3355 1035 3407 Alioqui
1055 3355 1177 3396 etiam
1196 3365 1388 3406 quaerere
1406 3365 1615 3406 possemus
1632 3365 1731 3394 num
1757 3352 1919 3393 deberet
1937 3353 2050 3403 pater

215 3416 338 3460 filiam
365 3431 533 3465 uxorem
560 3420 729 3471 ducere,
761 3423 832 3462 aut
863 3420 970 3461 filius
1002 3423 1196 3471 matrem,
1226 3420 1262 3460 si
1287 3420 1390 3461 nulli
1416 3419 1486 3460 alii
1515 3419 1621 3459 inter
1656 3419 1840 3459 homines
1869 3428 2047 3469 superes·

212 3485 313 3524 sent.
327 3486 498 3534 Demum
515 3487 555 3527 et
574 3486 658 3538 ipse
677 3487 719 3527 in
739 3486 937 3528 eiusmodi
957 3486 1168 3539 hypothesi
1188 3486 1358 3528 recurrit
1367 3484 1419 3527 ad
1431 3485 1675 3531 solutionem
1690 3483 1836 3537 prioris
1854 3482 2047 3534 coniugii.

332 3546 413 3602 (16)
444 3554 487 3593 In
517 3556 554 3593 4.
575 3554 684 3597 Sent.
707 3552 749 3592 d.
773 3558 835 3593 33.
855 3564 896 3604 q.
921 3556 954 3593 1.
978 3553 1054 3593 art.
1079 3558 1109 3592 ι.
1130 3550 1183 3592 ad
1203 3554 1240 3592 7.
