2320 4030
409 234 481 294 80
679 253 780 294 LIB.
818 251 898 292 111.
935 215 1079 289 sEGT.
1116 246 1153 289 l.
1191 248 1257 288 DE
1301 247 1459 288 MATR.
1497 247 1702 291 CHRIST.
1744 246 1984 294 UNITATE.

522 353 720 412 Verum
763 347 914 429 quod
948 346 1130 427 magis
1168 346 1238 405 ad
1270 369 1386 406 rem
1421 360 1668 407 nostram
1712 347 1842 408 facit
1884 363 1970 409 est
2009 349 2265 412 doctrina

400 470 570 531 quam
615 448 672 504 in
715 442 969 504 conciliis
1013 442 1250 503 ecclesia
1294 444 1549 526 professa
1585 456 1698 516 est,
1736 467 1803 504 ex
1846 467 1958 527 qua
1990 446 2264 508 discimus

397 546 478 605 uti
521 542 800 622 legitimas
850 539 1131 600 secundas
1177 540 1407 622 nuptias
1450 541 1653 621 iugiter
1681 540 1904 602 habitas
1958 542 2172 616 fuisse,
2213 557 2268 604 et

399 641 694 700 damnatos
741 636 919 696 fuisse
962 636 1061 719 qui
1107 636 1163 695 id
1209 650 1495 715 negarent.

519 736 663 794 Sane
707 734 1005 795 concilium
1042 732 1463 793 oecumenicum
1501 733 1799 794 nicaenum
1838 734 1915 793 ita
1949 735 2258 795 constituit:

409 857 436 888 a
473 830 555 890 De
598 831 720 902 his,
770 830 867 911 qui
925 852 987 890 se
1040 829 1331 889 nominant
1386 828 1681 901 catharOS‚
1738 829 1796 888 id
1848 842 1933 889 est
1984 830 2261 903 mundOS‚

399 928 449 987 si
473 926 777 1009 aliquando
800 926 1054 986 venerint
1076 926 1147 985 ad
1171 924 1467 985 ecclesiam
1494 926 1858 986 catholicam.
1887 975 1897 984 .
1929 975 1938 984 .
1962 926 2111 986 Haec
2134 949 2268 1009 prae

399 1023 663 1084 omnibus
708 1045 804 1083 eos
859 1022 1083 1103 scriptis
1137 1021 1394 1081 convenit
1436 1020 1716 1102 profiteri,
1764 1023 1916 1104 quod
1961 1023 2269 1082 catholicae

398 1134 455 1180 et
495 1119 840 1201 apostolicae
883 1118 1152 1179 ecclesiae
1189 1118 1452 1198 dogmata
1489 1117 1805 1198 suscipiant
1833 1131 1888 1178 et
1918 1131 2261 1201 sequantur,

400 1214 458 1274 id
502 1229 620 1288 est,
658 1228 714 1275 et
753 1214 997 1295 bigamis
1035 1236 1097 1274 se
1140 1214 1555 1274 communicare
1593 1215 1783 1292 (21).»

520 1310 832 1371 Concilium
872 1333 1003 1371 vero
1048 1311 1401 1370 laodicenum
1446 1308 1706 1390 quamvis
1749 1308 2037 1369 nonnullis
2076 1309 2272 1391 poeni-

401 1407 723 1467 tentialibus
774 1407 1040 1488 operibus
1100 1406 1356 1487 bigamos
1403 1404 1668 1465 subiiciat
1718 1404 1789 1465 ob
1841 1405 2274 1466 incontinentiae

400 1503 582 1563 labem
627 1526 798 1586 quam
830 1504 1176 1585 praeseferre
1217 1503 1480 1563 videntur
1510 1501 1607 1584 qui
1649 1502 1874 1584 nuptias
1906 1502 2145 1574 iterant,
2184 1515 2268 1562 ta-

401 1622 529 1660 men
580 1622 680 1682 pro
723 1600 969 1680 legitime
1021 1599 1338 1659 coniunctis
1382 1621 1478 1658 eos
1531 1598 1729 1670 habet,
1772 1598 1906 1657 dum
1951 1598 2010 1656 in
2052 1620 2177 1658 can.
2220 1598 2265 1656 Ι.

404 1697 601 1758 edicit:
644 1698 780 1756 «De
813 1697 936 1770 his,
975 1697 1075 1779 qui
1127 1697 1419 1756 secundum
1439 1697 1872 1755 'ecclesiasticam
1914 1696 2162 1777 requlam
2208 1695 2271 1753 li-

405 1795 521 1853 bere
552 1817 614 1854 ac
648 1796 879 1875 leqitimc
911 1795 1175 1854 secundis
1207 1795 1418 1876 nuptiis
1457 1793 1630 1853 iuncti
1664 1807 1827 1853 sunt.
1856 1842 1865 1851 .
1897 1806 2174 1875 ,oportet‚
2213 1805 2275 1851 ut

402 1914 575 1973 parvo
617 1905 864 1973 tempore
908 1904 1221 1963 transactO,
1271 1904 1470 1952 vacent
1512 1888 1859 1951 orationibus
1902 1903 1957 1950 et
2000 1890 2260 1961 ieiuniis;

402 1986 613 2070 quibus
667 1988 867 2059 etiam,
918 1986 1071 2046 iuxta
1115 1986 1562 2066 indulgentiam,
1611 1987 2059 2046 communionem
2110 1984 2268 2045 reddi

403 2083 756 2145 decrevimus
787 2085 975 2163 (22),»
1003 2083 1209 2143 ducere
1231 2083 1400 2163 igitur
1429 2083 1602 2143 libere
1623 2106 1687 2143 ac
1709 2084 1944 2163 ligitime
1967 2082 2271 2143 secundam

403 2202 659 2253 uxorem,
697 2180 881 2263 priore
911 2180 1176 2240 defuncta
1197 2228 1209 2251 ,
1248 2193 1334 2239 est
1374 2180 1683 2239 secundum
1716 2172 2156 2239 ecclesiasticam
2187 2200 2273 2238 re-

406 2277 623 2359 gulam;
661 2291 876 2338 tantum
920 2277 1105 2350 abest,
1144 2290 1206 2337 ut
1235 2276 1515 2336 secundas
1554 2277 1780 2358 nuptias
1834 2276 2138 2358 aliquando
2160 2276 2268 2336 Ec-

403 2373 580 2434 clesia
630 2374 995 2433 interdixerit.

523 2471 603 2529 Ex
635 2470 726 2530 his
757 2471 1104 2530 documentis
1136 2483 1289 2552 patet
1326 2470 1465 2552 quid
1496 2469 1567 2530 de
1597 2469 1864 2531 secundis
1895 2469 2108 2551 nuptiis
2143 2490 2273 2528 sen-

404 2565 540 2626 serit
582 2566 853 2627 ecclesia:
900 2589 997 2626 eas
1041 2589 1242 2648 nempe
1286 2589 1594 2649 numquam
1626 2566 1683 2624 in
1722 2589 1783 2626 se
1827 2564 2148 2647 reprobavit
2178 2577 2274 2624 aut

401 2663 724 2735 interdixit;
764 2664 863 2723 sed
908 2664 957 2723 si
1004 2663 1309 2745 aliquando
1352 2686 1448 2723 eas
1495 2663 1858 2745 reprehendit
1888 2662 1965 2721 ita
1998 2684 2059 2721 se
2088 2661 2267 2742 gessit

402 2760 591 2841 potius
637 2772 699 2819 ut
742 2759 815 2819 ad
869 2759 1264 2841 perfectionem
1314 2760 1509 2820 fideles
1549 2771 1900 2841 provocaret,
1950 2757 2152 2840 partim
2198 2779 2265 2817 ex

403 2877 468 2915 eo
499 2855 650 2936 quod
680 2855 890 2936 bigami
915 2869 1137 2937 praeter
1160 2856 1495 2916 severiorem
1519 2856 1813 2915 christiani
1843 2854 2080 2914 instituti
2105 2852 2274 2936 spiri-

406 2964 523 3010 tum
548 2999 560 3023 ,
603 2951 1066 3032 intemperantiae
1108 2952 1398 3032 indulgere
1440 2953 1791 3023 viderentur,
1831 2950 2034 3032 partim
2078 2949 2150 3008 ob
2193 2949 2274 3006 in-

402 3048 723 3119 commoda,
753 3070 898 3130 quae
937 3048 1233 3129 provenire
1283 3071 1350 3108 ex
1402 3049 1615 3108 iteratis
1667 3047 1881 3128 nuptiis
1931 3046 1989 3105 in
2034 3044 2270 3126 privatis

403 3144 632 3204 familiis
666 3157 1101 3215 consueverunt,
1140 3143 1353 3204 scilicet
1388 3143 1668 3226 zelotypia
1709 3158 1762 3204 et
1794 3142 2079 3203 discordia
2110 3164 2271 3224 prae-

400 3242 592 3301 sertim
638 3240 878 3302 filiorum
909 3241 1006 3323 qui
1051 3262 1117 3299 ex
1160 3240 1359 3322 primis
1404 3261 1711 3322 eorumque
1755 3240 1854 3322 qui
1900 3262 1967 3298 ex
2000 3237 2267 3299 secundis

524 3425 606 3476 (21)
635 3426 735 3466 Can.
756 3426 865 3465 VIII.
886 3435 933 3464 ex
954 3435 1056 3465 vers.
1079 3424 1246 3475 Dionys.
1268 3423 1412 3475 Exigui
1431 3423 1541 3475 apud
1564 3423 1765 3466 Harduin.
1787 3425 1895 3466 Acta
1925 3421 2079 3466 concil.
2109 3422 2209 3463 tom.
2234 3423 2266 3460 I.

400 3493 478 3534 col.
501 3498 573 3534 326
594 3504 680 3545 seq.

522 3562 605 3612 (22)
634 3560 737 3601 lbid.
761 3562 840 3601 col.
860 3565 949 3602 781.
973 3572 1018 3601 ex
1044 3570 1149 3601 vers,
1178 3558 1366 3610 DIonysii
1399 3557 1558 3610 Exigui.
