2320 4030
377 247 453 304 70
661 265 764 306 un.
801 263 881 304 111.
920 259 1064 302 secr.
1102 261 1140 301 1.
1178 262 1243 303 m:
1274 262 1434 304 MATR.
1468 263 1674 305 cnmsr.
1706 267 1947 309 numm.

372 363 642 424 historico
684 374 738 421 et
780 359 1001 432 criticO,
1045 374 1142 421 aut
1179 361 1401 421 facinus
1447 377 1687 442 arguunt
1733 364 1987 440 illorum,
2024 370 2119 452 qui
2154 393 2249 452 po—

373 460 675 544 lygamiam
720 458 779 515 in
823 456 1063 518 ecclesia
1112 458 1423 519 christiana
1466 473 1826 522 attentarunt.

494 555 577 614 Ad
612 553 850 636 primam
882 555 1124 616 classem
1156 557 1391 616 refertur
1422 558 1745 640 polygamia
1785 562 2005 623 comitis
2036 585 2070 623 a
2100 564 2247 625 Glei—

368 653 511 714 chen
553 651 624 710 de
676 673 790 733 qua
835 652 1030 712 scribit
1076 654 1118 712 l.
1155 653 1221 711 A.
1260 654 1550 715 Fabricius
1601 682 1629 713 «
1665 657 2078 719 observandum
2122 676 2239 734 est,

367 748 517 830 quod
573 748 742 808 etiam
795 750 1045 831 pontifex
1096 773 1362 811 romanus
1408 753 1690 814 Honorius
1744 756 1841 814 111.
1891 757 1959 815 ab
2011 761 2248 818 auctori-

371 847 466 905 bus
522 869 629 905 non
674 838 1092 907 'contemnendae
1139 849 1271 931 fidei
1309 848 1548 909 traditur
1594 851 1965 933 dispensasse
2013 855 2246 938 polyga-

365 943 538 1003 miam
569 944 791 1004 comitis
823 967 857 1004 a
888 944 1155 1005 Gleichen
1185 948 1388 1025 (178)»
1414 945 1733 1030 allegatque
1763 950 1835 1009 ad
1866 950 2038 1011 huius
2070 952 2248 1013 histo-

365 1040 483 1100 riae
518 1041 1000 1102 confirmationem
1037 1041 1209 1125 Bayle
1240 1043 1298 1101 in
1330 1043 1436 1104 hoc
1466 1044 1795 1105 Dictionarii
1834 1048 2090 1109 articulo.
2128 1050 2245 1109 Iam

362 1160 495 1200 vero
540 1161 651 1200 non
694 1139 863 1200 modo
907 1154 1105 1201 nutare
1147 1140 1288 1201 haec
1330 1137 1779 1214 omnia,'verum
1809 1145 1979 1204 etiam
2012 1169 2244 1227 prorsus

364 1234 561 1294 fictitia
603 1257 731 1296 esse
774 1235 941 1296 facile
984 1237 1280 1297 evincitur.
1311 1238 1532 1297 Etenim
1579 1240 1635 1297 1.
1674 1261 1840 1299 nemo
1881 1240 1952 1300 de
1995 1240 2246 1324 hac-po-

365 1331 615 1414 lygamia
658 1354 692 1391 a
734 1355 876 1393 rom.
919 1334 1184 1416 pontifice
1229 1355 1502 1393 concessa
1548 1334 1777 1416 scripsit
1823 1349 1952 1396 ante
1995 1336 2246 1398 Hondor-

366 1427 503 1486 fium
548 1428 881 1510 scriptorem
923 1429 1321 1502 lutheranum,
1361 1430 1459 1511 qui
1491 1452 1634 1512 opus
1666 1453 1830 1490 suum
1869 1434 2119 1494 exaravit
2161 1456 2245 1494 se-

361 1524 472 1585 cul.
501 1515 667 1585 XVII.
711 1529 875 1606 (179)
915 1541 978 1588 ut
1022 1527 1213 1610 aliquo
1257 1526 1424 1588 modo
1467 1523 1782 1589 vindicaret
1823 1528 2129 1589 Lutherum
2172 1530 2245 1590 ob

359 1622 548 1682 datam
580 1622 844 1706 Philippo
877 1624 1120 1684 Hassiae
1158 1624 1450 1685 ducendae
1490 1624 1724 1685 alterius
1770 1626 1963 1686 uxoris
2006 1625 2242 1687 faculta-

363 1733 473 1779 tem
514 1721 718 1799 (180);
772 1721 980 1780 factum
1022 1743 1156 1782 vero
1202 1721 1355 1781 istud
1398 1722 1732 1802 contigisset
1773 1744 1886 1782 sec.
1923 1724 2102 1795 XIIL,
2139 1746 2242 1784 nec

359 1815 536 1877 ullum
580 1817 713 1878 citat
756 1830 1039 1878 auctorem
1082 1819 1415 1879 anteriorem
1440 1867 1452 1891 ,
1504 1818 1604 1879 sed
1648 1819 1815 1879 unice
1860 1819 2119 1880 innititur
2159 1842 2243 1881 se-

361 1912 599 1995 pulchro
638 1913 790 1995 quod
822 1904 1175 1995 Erphordiae
1219 1914 1421 1975 visitur
1462 1914 1519 1973 in
1563 1937 1676 1997 quo
1701 1915 2011 1975 exhibetur
2050 1938 2241 1976 comes

357 2011 504 2071 inter
532 2011 675 2071 duas
707 2033 908 2070 uxores
940 2010 1280 2093 insculptus,
1310 2034 1375 2071 ac
1404 2011 1699 2072 fabulosae
1731 2013 2016 2073 traditioni
2046 2015 2235 2092 (181).

359 2108 536 2179 Quasi
581 2130 786 2190 nempe
817 2121 1101 2190 receptum
1133 2129 1200 2167 ea
1231 2122 1411 2168 aetate
1441 2131 1553 2168 non
1585 2109 1757 2169 fuerit
1779 2158 1791 2181 ,
1827 2122 1890 2170 ut
1919 2110 2065 2169 inter
2094 2110 2240 2170 duas

357 2228 559 2266 uxores
603 2205 960 2266 successivas
1004 2205 1226 2264 medius
1262 2205 1500 2264 maritus
1541 2206 1875 2287 sepeliretur
1904 2219 2000 2266 aut
2029 2206 2241 2266 inscul-

357 2316 584 2384 peretur
612 2305 800 2382 (182).
826 2304 882 2361 2.
903 2304 1021 2362 Non
1056 2303 1222 2362 refert
1246 2302 1589 2363 Hondorfius
1613 2326 1646 2363 a
1670 2325 1782 2384 quo
1810 2304 2077 2384 pontifice
2107 2305 2239 2364 data

356 2400 498 2460 haec
518 2399 685 2461 venia
707 2399 874 2460 fuerit
898 2399 1286 2482 polygamiae,
1318 2399 1604 2482 siquidem
1635 2421 1839 2459 nomen
1871 2400 2106 2460 Honorii
2130 2401 2231 2458 ΙΙΙ.

356 2497 427 2558 de
457 2519 561 2558 suo
599 2496 806 2558 adiecit
835 2495 1147 2557 Fabricius,
1182 2499 1238 2556 3.
1266 2497 1587 2579 Numquam
1619 2497 1738 2557 sive
1768 2496 2079 2569 LutherUS‚
2118 2496 2238 2558 sive

477 2706 586 2758 (178)
615 2709 660 2746 In
688 2705 902 2757 Biblioqr.
922 2708 1150 2758 antiquar.
1172 2716 1208 2746 c.
1229 2709 1316 2745 XX.
1337 2703 1375 2756 §.
1398 2706 1466 2744 XI.
1486 2703 1551 2745 ed.
1573 2710 1609 2745 3.
1631 2705 1858 2755 Hamburgi
1880 2708 1992 2746 1760.
2014 2716 2056 2756 p.
2079 2708 2171 2746 913.

475 2774 586 2822 (179)
612 2773 860 2824 Inscriptum
899 2775 961 2813 est
997 2783 1102 2824 opus
1138 2771 1354 2812 Hondorfii
1391 2771 1629 2812 Theatrum
1669 2771 1930 2812 historicum
1962 2771 2028 2813 ed.
2062 2774 2236 2813 Franco-

353 2839 449 2879 furt.
478 2845 589 2880 1633.
611 2840 711 2879 in·8.
729 2850 819 2890 pag.
845 2844 935 2879 533.

475 2905 584 2957 (180)
614 2907 663 2946 Et
684 2906 782 2946 haec
802 2908 863 2946 est
883 2905 1004 2945 unica
1026 2905 1130 2945 ratio
1150 2903 1204 2945 ob
1224 2915 1349 2956 quam
1366 2903 1577 2945 Fabricius
1596 2915 1687 2945 eam
1718 2905 1841 2945 refert
1874 2905 2162 2956 acceptatque,
2189 2903 2236 2943 ut

354 2984 502 3025 nempe
525 2974 665 3024 aliquo
694 2973 817 3013 modo
835 2983 879 3014 se
898 2984 941 3013 se
963 2973 1186 3023 opponeret
1206 2972 1416 3023 Lindano,
1445 2972 1741 3023 Maimburgio‚
1759 2972 1999 3022 Varillasio,
2020 2973 2232 3022 Bossueto‚

352 3041 426 3094 qui
456 3043 682 3093 tantopere
715 3040 935 3081 insultare
967 3040 1108 3080 solent
1135 3042 1188 3080 B.
1210 3040 1427 3088 Luthero,
1457 3041 1503 3079 ut
1530 3040 1617 3091 ipse
1643 3039 1839 3090 loquitur.
1865 3041 1916 3079 Et
1949 3039 2025 3078 hac
2061 3038 2148 3090 ipsa
2181 3038 2233 3079 de

351 3119 475 3150 causa
492 3107 664 3149 eandem
683 3106 946 3148 historiolam
971 3105 1222 3157 exscripsere
1239 3105 1290 3145 ab
1307 3105 1531 3144 Hondortio
1552 3106 1695 3144 auctor
1708 3116 1775 3155 op.
1795 3105 2054 3156 Polyqamz‘a
2075 3106 2230 3145 trium-

342 3175 556 3229 phatrix:
584 3178 773 3227 Dresser‚
799 3173 1033 3215 Millenar.
1067 3174 1138 3213 VI.
1165 3172 1360 3214 Zeillerus
1399 3173 1654 3213 Continuat.
1689 3174 1862 3213 itineris
1897 3183 2114 3223 amman„
2135 3174 2231 3213 Pec-

350 3243 582 3284 censtenius
602 3242 644 3282 in
668 3241 818 3283 Theat.
839 3252 1000 3282 saoeon.

475 3310 586 3361 (181)
612 3312 675 3349 En
696 3310 784 3350 eius
801 3308 926 3349 verba
947 3308 1026 3348 loc.
1050 3307 1118 3347 cit.
1136 3307 1304 3347 «Huius
1325 3307 1383 3347 rei
1404 3307 1713 3346 monumentum
1739 3306 1992 3358 Erphordiae
2011 3306 2164 3346 exstat:
2188 3306 2231 3345 in

350 3387 435 3427 quo
456 3386 506 3416 ex
527 3378 704 3427 utroque
730 3376 856 3416 latere
884 3374 1028 3415 comiti
1060 3384 1209 3413 uxores
1238 3373 1414 3413 adstant.
1437 3372 1591 3423 Regina
1618 3383 1849 3412 marmorea
1879 3383 2031 3412 corona
2058 3372 2226 3412 ornata:

349 3441 569 3484 comitissa
591 3442 751 3494 sculpta
769 3442 830 3482 est
848 3440 961 3480 nuda
979 3442 1019 3481 et
1037 3440 1213 3480 infantes
1232 3439 1282 3479 ad
1305 3439 1392 3479 eius
1413 3438 1536 3491 pedes
1556 3440 1801 3490 reptantes.»

473 3508 582 3561 (182)
610 3509 681 3551 Uti
707 3509 842 3550 adhuc
868 3508 1016 3549 visitur
1040 3508 1083 3548 in
1105 3507 1314 3548 mausoleo
1332 3506 1496 3548 comitis
1518 3506 1625 3548 Petri
1650 3506 1700 3547 de
1722 3505 1921 3547 Mansseld
1952 3505 2227 3556 Luxemburgi

351 3577 414 3620 Cf.
429 3578 561 3620 Feller
580 3579 698 3620 Dice.
719 3577 822 3620 hist.
846 3576 921 3619 art.
942 3575 1160 3619 Gleichen.
