2320 4030
507 318 618 356 cir.
643 316 680 355 1.
702 303 1086 354 opponamus
1109 306 1452 347 siMuvrANEA.
1492 303 1605 341 Aur.
1638 302 1674 340 1.
1949 279 1975 333 1
1989 279 2020 333 7

178 418 324 478 mala
369 417 631 494 abrogata
675 413 880 479 suerat,
916 429 980 466 ac
1009 425 1232 486 operam
1275 426 1493 462 omnem
1532 400 1921 469 conferebant,
1964 414 2024 457 ut

184 537 242 573 se
285 535 344 572 se
386 512 526 570 malo
571 516 909 590 opponerent
943 503 1088 579 (25).

302 610 478 667 Taceo
514 606 583 663 de
615 598 995 666 manichaeiS‚
1038 595 1134 676 qui
1165 594 1298 652 dum
1331 594 1555 673 nuptias
1594 607 1876 674 tamquam
1909 614 2026 651 ma-

185 707 267 764 las
311 719 475 785 atque
510 722 543 760 a
573 698 730 757 malo
768 694 1045 776 piincipio
1091 703 1486 772 promanantes
1530 690 1905 761 damnabant,
1942 690 2027 747 in-

186 798 438 858 credibili
482 794 714 854 libidine
757 791 875 849 suis
920 789 976 846 in
1015 784 1379 847 conventibus
1424 784 1752 843 diffluebant
1788 788 1933 863 (26).
1993 812 1995 814 ·

306 889 594 952 Eiusmodi
620 909 783 969 porro
807 886 1091 945 doctrinae
1112 896 1166 942 et
1188 880 1628 940 abominationes
1654 903 1798 962 quae
1821 882 1919 941 diu
1942 903 2030 941 ec-

188 990 416 1049 clesiam
442 985 776 1051 afflixerunt,
807 1003 870 1040 ac
893 979 1154 1061 probrum
1187 976 1492 1036 christiano
1523 976 1755 1047 nomini,
1778 977 2032 1059 ipsisque

189 1083 425 1144 ethnicis
457 1078 785 1140 scandalum
817 1088 1097 1145 crearunt,
1128 1074 1469 1132 instauratae
1492 1087 1623 1131 sunt
1644 1086 1821 1132 aetate
1850 1075 2034 1133 media

189 1203 222 1238 a
252 1178 416 1238 sectis
446 1176 598 1234 illius
638 1173 898 1255 temporis
938 1194 1048 1231 non
1079 1170 1281 1229 minori
1328 1169 1618 1228 dedecore.
1669 1170 1887 1229 Etenim
1923 1171 2038 1230 Pic—

191 1275 342 1338 cardi
382 1295 494 1333 sec.
515 1273 637 1329 XII.
669 1270 817 1330 solos
849 1291 910 1327 se
940 1269 996 1326 in
1026 1267 1286 1327 universa
1316 1279 1462 1324 terra
1495 1266 1685 1325 liberos
1714 1288 1842 1326 esse
1871 1268 2039 1326 iacta-

192 1371 353 1440 bant,
390 1382 598 1428 ceteros
626 1388 757 1426 vero
788 1387 1008 1434 serVOS,
1045 1386 1110 1423 eo
1147 1362 1297 1444 quod
1333 1362 1761 1422 verecundiores
1792 1365 2039 1444 corporis

195 1478 380 1546 partes
425 1474 792 1541 contegerent.
843 1460 1100 1518 Mulieres
1141 1457 1439 1538 piccardae
1483 1457 1539 1516 in
1583 1479 1859 1517 carcerem
1910 1480 2042 1518 con-

195 1561 368 1619 iectae
399 1581 431 1617 a
461 1557 701 1638 quodam
726 1555 1023 1614 Bohemiae
1052 1553 1278 1613 domino
1313 1552 1666 1611 affirmabant
1693 1574 1790 1612 eos
1820 1554 1919 1634 qui
1950 1576 2042 1613 ve-

199 1668 310 1712 stes
355 1653 595 1711 induunt
620 1672 740 1709 ‘non
785 1648 986 1709 debere
1021 1647 1225 1707 liberos
1263 1646 1518 1706 homines
1561 1648 1844 1706 aestimari
1889 1651 2037 1734 (27).

200 1747 500 1808 Piccardus
548 1759 731 1805 sectae
772 1745 1056 1803 institutor·
1094 1742 1246 1801 haud
1290 1741 1565 1801 dubitavit
1607 1764 1668 1802 se
1709 1743 1913 1802 Filium
1944 1745 2046 1804 Dei·

200 1863 521 1924 nuncupare
542 1862 607 1900 ac
630 1862 830 1899 novum
845 1838 1019 1897 Adam
1047 1839 1206 1897 aDeo
1228 1858 1464 1896 missum
1480 1838 1552 1896 ad
1573 1838 2049 1900 hominesdocen-

200 1939 300 1997 dos
325 1951 554 1997 naturae
581 1935 781 2015 legem,
809 1956 954 2015 quae
975 1933 1194 1992 duobus
1219 1945 1437 1992 constat
1465 1935 1801 2016 praeceptis,
1823 1958 2049 1995 commu-

197 2036 388 2093 nitatis
416 2031 674 2091 videlicet
701 2031 1057 2112 foeminarum
1078 2051 1141 2088 ac
1175 2029 1449 2110 perfectae
1472 2032 1722 2111 corporis
1751 2032 2042 2092 nuditatis

324 2129 477 2189 Idem
523 2128 635 2187 dio.
659 2127 729 2186 de
772 2127 932 2186 novis
989 2125 1284 2195 adamitiS‚
1339 2126 1435 2207 qui
1493 2148 1604 2187 sec.
1652 2128 1790 2186 XIV.
1838 2141 2050 2189 veteres

202 2225 479 2284 adamitas
503 2222 698 2283 imitati
735 2235 889 2293 sunt,
921 2221 1235 2281 effutientes
1267 2221 1418 2281 viros
1447 2243 1573 2282 esse
1602 2223 1827 2283 totidem
1849 2223 2046 2297 Adam,

202 2319 574 2400 mulieresque
630 2317 860 2377 totidem
904 2316 1088 2376 Hevas
1133 2317 1190 2374 in
1241 2316 1590 2376 innocentiae
1647 2331 1794 2378 statu
1849 2342 2051 2380 novum

202 2415 524 2498 paradisum
563 2413 697 2473 nudi
742 2411 1046 2472 incolentes
1075 2414 1221 2491 (28).

327 2585 409 2636 (25)
439 2585 503 2627 cf.
525 2586 723 2626 clement.
748 2585 860 2626 Alex.
883 2587 1040 2625 swom.
1059 2585 1131 2625 lib
1149 2586 1220 2625 ΙΙΙ.
1238 2585 1301 2625 ed.
1319 2586 1387 2625 cit.
1401 2596 1489 2637 pag.
1503 2590 1592 2626 431.
1605 2588 1645 2626 et
1658 2588 2057 2629 452.Theodoretu1n

212 2652 428 2690 Haeretic.
441 2649 648 2700 fabular.
672 2650 743 2691 lib.
767 2653 800 2691 I.
821 2662 911 2703 cap
932 2653 1039 2691 XVI.

332 2714 415 2764 (26)
438 2715 532 2755 Vid.
547 2727 580 2755 s.
600 2716 797 2767 Epiphan
814 2719 993 2757 Haeres.
1004 2719 1183 2757 LXXVI.
1193 2719 1234 2757 S.
1247 2720 1332 2757 Auo
1309 2719 1413 2768 ust.
1428 2718 1500 2757 lib.
1519 2718 1578 2757 De
1593 2717 1804 2759 haeresib.
1819 2730 1908 2771 cap.
1920 2723 2060 2761 XLVI.

215 2784 242 2819 I
245 2791 426 2831 erperam
445 2791 542 2820 vero
551 2782 804 2822 Beausobre
794 2794 835 2821 m
852 2794 926 2822 sua
938 2785 1130 2823 ,Histoire
1143 2785 1332 2834 critique
1346 2782 1399 2823 de
1416 2782 1621 2823 Maniche'
1631 2785 1672 2823 et
1683 2783 1745 2824 du
1759 2785 2061 2827 manicheisme

213 2847 378 2887 adnisus
397 2848 458 2886 est
474 2857 542 2887 eos
560 2858 583 2886 a
600 2847 920 2898 turpitudinibus
938 2849 1027 2888 istis
1043 2848 1216 2888 liberare
1231 2858 1279 2889 ac
1298 2859 1426 2900 nuper
1450 2850 1648 2890 refutatur
1666 2861 1690 2890 a
1708 2852 1853 2892 Matter
1880 2852 1924 2891 in
1943 2854 2059 2894 Hist.

215 2913 267 2954 de
289 2912 450 2964 l’eylise
473 2912 609 2953 chre‘t.
634 2915 733 2953 tom.
753 2915 785 2953 1.
803 2924 894 2965 pag.
915 2916 1002 2954 373.

322 2980 523 3019 Ceterum
545 2979 595 3019 de
614 2980 679 3019 his
702 2979 918 3030 primitivis
938 2981 1151 3021 haereticis
1165 2981 1328 3033 copiose
1343 2983 1382 3022 et
1399 2983 1556 3023 erudite
1571 2985 1821 3036 scripserunt
1837 2987 2063 3026 Massuetus

218 3047 269 3084 in.
288 3046 516 3084 Dissertat.
536 3046 733 3096 praeviis
757 3047 801 3085 in
832 3045 907 3085 lib.
930 3057 966 3085 s.
990 3047 1165 3086 Irenaei
1199 3046 1370 3087 dissert.
1394 3050 1434 3088 I.
1461 3051 1524 3088 De
1552 3048 1800 3100 haereticis,
1831 3061 2065 3103 eorumque

217 3109 386 3150 actibus
402 3139 415 3158 ,
443 3112 615 3162 scriptis
646 3113 689 3150 et
719 3110 936 3150 doctrina.
954 3110 1075 3151 Gard.
1095 3114 1286 3152 Lam-ent.
1308 3115 1436 3153 Cozza
1452 3114 1494 3153 in
1517 3116 1805 3156 commentar.
1828 3118 2063 3157 Historico-

217 3176 471 3227 doqmabicis
488 3179 534 3217 in
556 3176 718 3217 librum
736 3188 771 3217 s.
786 3178 1020 3228 Auqusiini
1043 3177 1096 3218 de
1119 3178 1395 3229 haeresibus,
1425 3180 1508 3220 duo
1533 3181 1762 3222 vomu-sol.
1780 3185 1931 3223 Romae
1950 3186 2062 3224 1707.

217 3241 427 3282 Praeclara
451 3243 511 3283 est
541 3243 734 3294 perpetua
753 3242 840 3283 eius
861 3242 1025 3284 collatio
1042 3245 1226 3286 veterum
1245 3246 1458 3287 haeresum
1477 3258 1571 3287 cum
1590 3248 1826 3289 haeresibus
1844 3260 1925 3289 sec.
1937 3250 2061 3299 XVL,

218 3309 331 3348 Gaet.
352 3308 480 3348 Maria
498 3310 677 3349 Travasa
694 3310 840 3349 Storia
857 3311 1013 3351 critica
1036 3309 1158 3351 della
1181 3313 1276 3352 vita
1299 3311 1417 3364 deqli
1436 3313 1671 3355 eresiarchi
1700 3313 1773 3355 del
1795 3316 1939 3366 primo
1958 3325 1980 3354 e
1994 3314 2067 3355 del

217 3373 397 3414 secondo
423 3374 562 3415 secolo
586 3374 707 3415 della
725 3375 890 3427 chiesa,
912 3378 981 3416 IV.
998 3377 1083 3418 vol.
1102 3377 1201 3419 in·8.
1220 3379 1394 3419 venezia
1416 3383 1650 3421 1754·1759.

336 3440 417 3490 (27)
445 3442 612 3482 Ermant
631 3441 672 3480 in
691 3443 804 3482 Hist.
823 3441 897 3483 des
921 3442 1054 3484 k-e‘re‘s.
1080 3431 1156 3484 art.
1181 3444 1451 3486 Picardiens.
1474 3446 1536 3486 Cf.
1553 3447 1674 3487 etiam
1694 3448 1854 3499 Bergier
1880 3450 2061 3489 Diction.

218 3508 292 3545 art.
315 3507 511 3548 Picards.

338 3573 421 3623 (28)
447 3576 620 3620 Quinam
646 3575 768 3615 fuerit
794 3578 975 3616 veterum
1010 3578 1279 3619 adamitarum
1312 3579 1522 3629 paradisus
1551 3581 1742 3632 s.Epiph.
1776 3583 1953 3621 Haeres.
1980 3583 2064 3622 LII.

356 3661 421 3704 ΠΙ
1938 3676 1962 3712 2
