2320 4030
320 238 432 294 518
540 256 643 295 Lm.
675 254 753 293 111.
785 253 929 293 sacr.
959 253 1179 292 ALTERA.
1215 253 1280 292 ΒΕ
1313 253 1500 294 mmss.
1531 255 1670 295 MATR
1721 257 1927 300 cums‘r.

315 353 379 412 de
408 353 751 411 matrimonio
784 351 952 409 altero
984 364 1372 421 consummate,
1410 352 1545 411 dum
1575 352 1762 412 adhuc
1793 355 2052 416 subsistit
2085 382 2191 439 pri-

316 468 469 506 mum
514 446 934 506 matrimonium
979 446 1108 506 licet
1140 447 1321 507 solum
1359 461 1561 507 ratum.
1599 450 1717 508 Hac
1747 449 1894 509 enim
1927 451 1984 508 in
2017 451 2194 534 hypo-

314 541 461 602 thesi
502 563 641 601 rom.
680 542 933 602 Pontifex
962 541 1267 623 bigamiam
1300 542 1691 604 simultaneam
1722 546 2009 628 probaret,
2044 549 2193 629 quod

311 651 458 698 certe
498 638 569 698 ab
615 639 740 721 ipso
774 640 1044 721 praestari
1078 639 1291 721 nequit.
1331 641 1520 700 Potest
1549 655 1732 702 autem
1764 666 2020 704 summus
2051 646 2197 705 Pon-

311 735 445 793 tifex
468 758 567 817 per
589 735 1070 818 dispensationem
1094 735 1309 796 solvere
1332 786 1344 808 ,
1376 738 1525 797 iusta
1548 738 1617 799 de
1640 761 1838 810 causa,
1868 741 2193 822 coniugium

310 845 492 891 ratum
513 881 525 904 ,
565 855 677 914 quo
710 833 923 905 soluto,
960 846 1200 915 possunt
1230 834 1498 914 coniuges
1522 835 1681 896 liberi
1704 837 1888 897 effecti
1914 860 2040 898 cum
2064 837 2194 900 aliis

309 928 592 989 celebrare
613 931 1050 990 matrimonium.
1076 932 1227 991 Haec
1251 931 1372 991 sola
1394 932 1730 1015 hypothesis
1756 935 2054 1016 possibilis
2077 949 2185 1008 est,

307 1025 365 1083 in
411 1049 525 1108 qua
567 1027 708 1085 nihil
754 1040 840 1087 est
877 1029 1028 1109 quod
1071 1041 1363 1110 repugnet.
1415 1030 1615 1110 Legem
1657 1044 1843 1091 autem
1874 1031 2192 1112 generalem

309 1144 424 1204 qua
464 1123 799 1183 decernatur
833 1125 983 1207 quod
1021 1126 1078 1184 in
1116 1125 1213 1185 tali
1246 1126 1572 1208 particulari
1603 1150 1740 1187 casu
1773 1130 2193 1190 matrimonium

307 1232 490 1278 ratum
534 1220 911 1292 dissolvatur,
955 1221 1089 1282 ideo
1132 1245 1443 1305 numquam
1487 1235 1694 1283 statuet
1721 1245 1860 1283 rom.
1900 1226 2184 1299 Pontifex,

307 1315 444 1395 quia
467 1315 698 1375 difficile
729 1316 959 1377 omnino
982 1330 1068 1377 est
1096 1319 1285 1378 omnia
1308 1341 1600 1379 recensere
1630 1320 1896 1380 adiuncta
1919 1343 2065 1403 quae
2094 1322 2193 1382 de-

308 1412 609 1472 terminare
635 1413 815 1473 solent
848 1414 1034 1496 ipsum
1066 1415 1137 1474 ad
1168 1415 1499 1476 solvendum
1531 1417 1807 1477 eiusmodi
1839 1418 2187 1498 coniugium,

304 1521 359 1568 et
388 1509 523 1590 quia
553 1523 840 1591 praeterea
868 1532 981 1571 non
1014 1513 1204 1573 omnia
1234 1535 1380 1595 quae
1407 1513 1578 1573 licent
1609 1536 1831 1597 semper
1859 1514 2182 1596 expediant.

306 1605 564 1665 Ceterum
602 1607 753 1689 quod
786 1607 1042 1668 absolute
1076 1623 1269 1691 posset
1311 1632 1451 1670 rom.
1491 1611 1742 1670 Pontifex
1773 1611 1952 1691 legem
1985 1611 2192 1672 consti—

305 1714 460 1762 tuere
491 1703 657 1762 etiam
696 1705 1015 1785 generalem
1060 1727 1172 1766 non
1215 1706 1414 1766 abnuit
1457 1730 1505 1768 s.
1543 1707 1860 1768 Antoninus
1897 1709 2058 1788 (124)
2090 1757 2101 1780 ,
2137 1722 2193 1768 et

304 1820 416 1859 non
462 1800 629 1881 pauci
676 1801 920 1882 theologi
966 1817 1093 1885 post
1136 1802 1326 1876 illum,
1377 1804 1475 1886 qui
1521 1804 1755 1887 insuper
1797 1805 1950 1865 hunc
1992 1827 2188 1866 casum

302 1895 361 1953 in
400 1918 512 1978 quo
544 1896 878 1980 dispensare
910 1912 1133 1980 posset,
1172 1900 1487 1980 assignant.
1526 1901 1739 1961 Horum
1764 1901 2068 1961 sententias
2099 1923 2190 1960 re-

298 1991 484 2052 ferunt
517 2007 571 2054 et
612 1995 937 2076 expendunt
969 1997 1447 2058 Salmanticenses
1494 1999 1684 2076 (125).
1735 1996 2002 2079 Adeoque
2044 1997 2190 2057 mul*

298 2088 479 2170 tiplici
525 2089 631 2149 suh
683 2105 940 2173 respectu
985 2106 1146 2153 nutat
1188 2094 1295 2153 hoc
1339 2094 1515 2175 Sylvii
1560 2107 1984 2174 argumentum,
2034 2095 2185 2176 quod

299 2207 466 2245 suum
510 2187 697 2246 effecit
747 2187 923 2247 Collet
960 2191 1152 2268 (126).

424 2282 585 2353 Quod
618 2297 899 2364 postremo
931 2285 1054 2345 loco
1076 2285 1307 2345 affertur
1337 2286 1409 2344 ad
1444 2286 1800 2346 suadendum
1831 2286 1985 2346 haud
2016 2309 2185 2370 posse

298 2399 440 2439 rom.
491 2380 790 2439 Pontifices
834 2380 1169 2462 dispensare
1212 2383 1270 2440 in
1315 2383 1670 2443 matrimonio
1701 2397 1821 2443 rato
1852 2406 1979 2443 cum
2011 2384 2186 2466 pluri-

296 2475 407 2536 hus
438 2490 655 2537 constet
691 2476 982 2558 partibus⁷
1020 2499 1250 2538 necesse
1287 2492 1375 2539 est
1405 2492 1467 2538 ut
1498 2501 1595 2539 eas
1634 2478 1963 2559 singillatim
1994 2480 2184 2540 discu-

418 2693 526 2744 (124)
559 2693 627 2733 Sic
655 2687 764 2734 enim
797 2693 940 2734 scribit
971 2694 1052 2736 loc.
1075 2695 1145 2734 cit.
1185 2696 1360 2735 «Potest
1394 2706 1490 2747 ergo
1517 2698 1630 2747 Papa
1662 2695 1784 2736 etiam
1814 2696 1865 2736 (16
1892 2697 2092 2748 potestate
2117 2707 2180 2737 or-

294 2758 434 2799 dinata
470 2759 580 2799 circa
616 2760 925 2800 matrimonium
962 2771 1044 2800 non
1083 2762 1414 2802 consummatum
1451 2762 1557 2803 hanc
1588 2762 1923 2803 constitutionem
1956 2763 2110 2814 facere,
2144 2765 2185 2804 et

290 2825 350 2864 sic
383 2826 495 2876 patet
531 2825 635 2865 ratio
668 2827 916 2866 conveniens
940 2827 1112 2875 rationi,
1148 2828 1194 2867 ut
1219 2828 1385 2867 notatur
1406 2832 1469 2868 27.
1493 2829 1650 2879 quaest.
1677 2835 1714 2869 2.
1743 2831 2032 2881 Quapropter.
2063 2829 2183 2870 Unde

293 2891 404 2932 circa
425 2903 508 2932 non
543 2895 876 2934 consummatum
901 2896 1036 2945 potest
1067 2895 1240 2935 ecclesia
1271 2896 1450 2937 statuere
1483 2896 1688 2948 quidquid
1724 2896 1885 2950 placet;
1910 2897 2010 2937 dum
2043 2899 2180 2937 tamen

293 2958 425 2999 subsit
450 2971 575 2999 causa
605 2961 727 3010 iusta,
760 2962 800 3001 et
818 2961 896 3001 hoc
924 2962 1056 3001 voluit
1081 2961 1173 3001 finis
1191 2973 1282 3013 cap.
1302 2963 1375 3002 Ex
1396 2963 1593 3014 publico.
1613 2963 1724 3003 Dicit
1740 2965 1876 3004 tamen
1906 2964 1993 3015 ipse
2020 2964 2175 3003 Ostien-

290 3026 383 3077 sis,·
402 3025 515 3077 quod
553 3037 636 3066 non
668 3027 859 3078 expedit,
890 3028 1003 3079 quod
1034 3028 1143 3069 circa
1183 3029 1260 3068 hoc
1295 3029 1471 3069 multum
1497 3030 1607 3071 laxet
1625 3030 1832 3081 habenas,
1861 3042 1935 3071 nec
1964 3030 2088 3071 etiam
2117 3032 2178 3070 est

291 3092 446 3132 tutum.
471 3107 492 3126 υ

438 3161 549 3201 Inter
582 3171 675 3212 eos,
709 3162 779 3213 qui
809 3162 1055 3203 solutionem
1090 3163 1270 3214 coniugii
1302 3163 1356 3203 ob
1388 3164 1613 3206 solemnem
1646 3164 1852 3216 religionis
1881 3164 2176 3217 professionem

288 3228 479 3279 repetunt
513 3238 562 3267 ex
598 3227 686 3267 iure
715 3228 1019 3280 ecclesiastico,
1057 3240 1139 3268 non
1175 3229 1323 3270 desunt
1357 3231 1429 3281 qui
1462 3231 1520 3271 ita
1554 3243 1640 3272 rem
1675 3231 1899 3284 explicent:
1929 3231 2177 3271 ecclesiain-

287 3296 443 3346 terpres
477 3294 701 3335 voluntatis
733 3295 886 3336 Christi
922 3295 1149 3337 declaravit
1181 3296 1419 3347 coniugium
1454 3301 1592 3339 ratum
1629 3310 1748 3351 posse
1772 3298 1941 3340 dissolvi
1962 3314 1970 3338 ε
1994 3300 2172 3349 generali

288 3362 457 3414 quidem
491 3362 580 3414 lege
615 3363 762 3404 statuit
797 3363 903 3404 illud
944 3363 1115 3405 dissolvi
1151 3364 1204 3404 ob
1238 3364 1463 3405 solemnem
1510 3367 1718 3418 religionis
1749 3365 2068 3418 professionem:
2102 3378 2179 3417 pro

287 3429 432 3471 ceteris
461 3441 559 3470 vero
595 3429 757 3470 casibus
777 3440 860 3470 non
897 3431 985 3481 lege
1008 3430 1257 3481 universali,
1279 3430 1350 3471 sed
1382 3432 1598 3484 privilegio
1627 3444 1675 3473 ac
1704 3432 2007 3483 dispensatione
2025 3432 2170 3474 utitur.

408 3495 518 3547 (125)
547 3496 610 3538 cf.
648 3498 784 3538 Tract.
813 3499 882 3536 IX.
910 3499 974 3538 Dc
992 3499 1123 3539 macr.
1147 3499 1247 3550 Cap.
1273 3501 1310 3538 4.
1333 3498 1441 3539 Dub.
1468 3506 1504 3541 3.
1528 3511 1569 3541 n.
1590 3505 1652 3542 61.
1685 3506 1749 3540 62.

411 3562 523 3612 (126)
547 3565 643 3604 Loc.
666 3563 736 3603 cit.
757 3574 797 3603 n.
826 3563 915 3604 449.
