2320 4030
355 202 465 258 109.
636 223 735 262 Lm.
775 221 852 260 111.
890 220 1033 259 sacr.
1072 221 1110 258 1.
1147 221 1211 260 DE
1258 223 1413 262 MATR.
1446 222 1648 264 cniusr.
1682 226 1923 268 umine,

351 334 616 390 scentur7
658 339 849 378 verum
895 319 1062 378 etiam
1109 320 1231 401 ipse
1267 322 1451 403 potius
1491 322 1830 403 pollutorum
1863 328 2220 389 scortationis

350 416 612 476 sordidus
656 414 987 474 subiicietur
1009 464 1021 486 ,
1069 416 1344 477 eiusmodi
1392 418 1654 479 videlicet
1684 423 1940 501 personis
1975 445 2007 482 a
2041 445 2102 486 se
2135 425 2219 483 in-

349 515 525 573 vicem
564 511 838 592 separatis
888 513 1034 590 (88).
1065 538 1092 569 »
1132 513 1390 595 Idipsum
1438 515 1788 576 confirmavit
1825 518 1933 578 Leo
1970 519 2221 600 philoso-

348 608 495 689 phus
539 629 638 667 seu
675 608 914 690 Sapiens
957 609 1150 668 Basilii
1196 610 1347 668 filius
1392 611 1622 692 nuptias
1667 612 1835 672 etiam
1874 614 2064 675 tertias
2097 638 2223 697 poe-

347 705 434 764 nis
471 703 870 764 ecclesiasticis
909 705 1217 766 subiiciens
1255 708 1405 783 (89).

479 800 736 860 Attamen
791 801 885 861 hic
943 802 1092 860 idern
1138 803 1245 862 Leo
1289 802 1525 884 Sapiens
1580 825 1692 864 non
1746 818 2040 866 contentus
2095 808 2221 889 ipse

344 901 521 959 tertiis
567 902 813 983 nuptiiS‚
862 925 1055 963 verum
1101 918 1154 963 et
1193 916 1423 984 quartas
1463 902 1764 964 celebravit
1800 926 1927 964 curn
1966 905 2069 965 Zoe
2107 906 2219 966 iam

344 1011 507 1055 antea
552 997 752 1079 pellice
797 1021 901 1060 sua
947 1022 1009 1060 ex
1060 1022 1173 1082 qua
1218 1000 1394 1058 filium
1442 1016 1830 1080 procreaverat
1887 1024 2054 1083 quem
2108 1002 2217 1063 sibi

345 1094 400 1151 in
440 1094 677 1175 imperio
713 1117 1097 1157 successorem
1142 1096 1482 1176 designavit.
1523 1096 1680 1166 Quae
1718 1119 1807 1156 res
1846 1098 2219 1159 conturbatio-

343 1212 470 1250 nem
496 1212 603 1251 non
629 1193 918 1252 minimam
944 1194 1237 1265 excitavit;
1269 1216 1399 1253 nam
1423 1192 1690 1253 Nicolaus
1715 1208 2080 1274 cognomento
2105 1197 2220 1277 My-

342 1287 517 1346 sticus
569 1289 890 1368 patriarcha
943 1290 1584 1372 constantinopolitanus
1627 1290 2015 1371 imperatorem
2069 1314 2221 1352 com-

340 1383 606 1443 munione
650 1385 931 1465 privavit:
983 1407 1158 1466 quum
1201 1407 1334 1445 vero
1379 1386 1681 1466 imperator
1735 1385 1806 1445 ad
1849 1386 2217 1468 apostolicam

340 1479 530 1538 sedem
576 1481 957 1562 appellasset,
1008 1482 1236 1562 Sergius
1291 1482 1539 1563 pontifex
1586 1484 1813 1563 nuptias
1850 1484 2047 1544 Leonis
2091 1506 2221 1566 pro-

339 1575 491 1636 bavit
533 1578 898 1638 cohaerenter
937 1578 1007 1637 ad
1048 1579 1406 1639 traditionem
1448 1601 1514 1638 ac
1548 1578 1912 1661 disciplinam
1949 1581 2219 1642 ecclesiae

340 1695 619 1733 romanae.
666 1675 812 1734 Hinc
856 1675 1160 1757 imperator
1204 1676 1371 1736 exilio
1407 1675 1665 1736 multavit
1700 1676 1992 1737 Nicolaum
2030 1678 2215 1759 ponti-

340 1770 462 1829 ficis
508 1770 718 1831 iudicio
760 1771 1142 1843 obnitentem,
1194 1772 1736 1854 contendentemque
1773 1773 1967 1834 divino
1998 1773 2119 1834 iure
2151 1773 2218 1832 il-

337 1867 421 1926 las
467 1868 695 1948 nuptias
739 1868 942 1927 vetitas
988 1891 1143 1939 esse,
1179 1891 1281 1929 nec
1324 1891 1355 1928 a
1400 1891 1541 1929 rom.
1591 1869 1856 1950 pontifice
1893 1870 2215 1952 dispensari

338 1964 393 2021 in
440 1963 553 2023 illis
599 1964 871 2043 potuisse.
924 1964 1203 2024 Suffectus
1243 1965 1347 2024 fuit
1390 1964 1619 2024 Nicolao
1662 1966 1718 2022 in
1763 1966 2218 2047 constantinopo-

336 2059 511 2118 litana
547 2059 681 2119 sede
713 2060 1012 2142 Eutymius
1044 2063 1141 2142 qui
1170 2061 1491 2142 imperatori
1517 2061 1755 2121 favebat.
1788 2061 1932 2120 Hinc
1963 2062 2217 2122 schisma

336 2156 479 2215 inter
522 2178 754 2236 graecos
798 2171 1010 2228 ortum,
1057 2157 1185 2217 aliis
1232 2157 1494 2228 Nicolao,
1532 2158 1661 2217 aliis
1707 2158 1971 2238 Eutymio
2007 2158 2218 2218 adhae-

336 2252 622 2312 rentibus:
675 2253 853 2313 donec
894 2253 1303 2313 alternantibus
1354 2254 1640 2335 prosperis
1686 2266 1738 2312 et
1784 2253 2039 2314 adversis
2071 2254 2218 2314 casi-

334 2348 473 2419 buS,
524 2371 628 2430 pax
677 2350 813 2409 inita
856 2363 958 2409 est.
1018 2352 1158 2409 Nam
1206 2350 1473 2410 Nicolaus
1520 2350 1743 2409 tandem
1790 2371 1855 2408 eo
1908 2371 1968 2408 se
2013 2351 2218 2431 recepit

334 2459 394 2503 ut
436 2444 703 2504 fateretur
746 2446 972 2505 nonnisi
1019 2445 1406 2506 ecclesiastico
1451 2447 1572 2506 iure
1619 2445 1934 2527 prohibitas
1986 2460 2218 2527 quartas

333 2542 558 2623 nuptias
603 2542 816 2614 fuisse,
855 2543 1220 2603 constitutum
1260 2557 1444 2603 tamen
1475 2543 1655 2604 voluit
1684 2556 1744 2603 ut
1776 2542 2081 2624 disciplina
2114 2564 2215 2623 pro

332 2637 571 2696 ecclesia
608 2659 809 2717 graeca
844 2651 1037 2698 contra
1067 2639 1451 2719 tetragamiam
1486 2639 1802 2698 sanciretur
1833 2651 1885 2697 et
1909 2660 2213 2720 numquam

332 2733 601 2815 deinceps
648 2734 1029 2807 relaxaretur,
1084 2757 1269 2817 neque
1322 2734 1632 2816 apostolica
1688 2734 1854 2794 sedes
1911 2735 2044 2795 huic
2087 2756 2217 2795 san-

332 2830 501 2889 ctioni
546 2829 762 2891 obstitit
797 2832 945 2909 (90).

456 3000 539 3050 (88)
569 2999 657 3039 Lib.
690 3007 727 3040 2.
760 3001 1067 3051 Iurisforient.
1103 3002 1211 3054 apud
1239 3003 1480 3043 Arcudium.

452 3065 540 3117 (89)
568 3068 615 3106 In
642 3067 815 3107 Novella
844 3073 907 3109 90.

459 3134 541 3184 (90)
570 3133 772 3184 Epistolas
802 3145 944 3175 omnes
979 3135 1136 3176 Nicolai
1176 3136 1340 3186 Mystici
1359 3166 1371 3186 ‚
1408 3146 1515 3187 quae
1551 3136 1749 3176 hactenus
1778 3137 1819 3176 in
1839 3135 2087 3177 bibliotheca
2114 3138 2215 3178 vati-

325 3211 426 3240 cana
447 3211 633 3240 sermone
664 3211 808 3252 graeco
828 3201 1077 3242 delituerant
1095 3233 1107 3252 ,
1129 3202 1290 3253 primus
1324 3202 1506 3253 vulgavit
1525 3202 1638 3243 card.
1660 3203 1793 3243 Maius
1814 3203 1857 3242 in
1885 3204 1955 3243 cit.
1985 3204 2214 3256 spicileyio

322 3278 506 3307 romano
546 3269 644 3307 tom.
680 3271 728 3307 X.
753 3269 858 3309 Sunt
891 3269 1030 3309 autem
1049 3269 1125 3309 hae
1144 3268 1338 3320 epistolae
1369 3279 1542 3310 numero
1579 3271 1762 3310 CLXIII.
1799 3281 1902 3320 quas
1924 3271 2113 3311 laudatus
2134 3271 2216 3312 edi·

326 3336 390 3373 tor
412 3335 453 3373 in
474 3335 629 3385 septem
664 3334 815 3375 classes
846 3334 1070 3376 distribuit.
1102 3337 1216 3382 Quae
1250 3334 1302 3375 ad
1324 3345 1411 3375 rem
1446 3336 1629 3375 nostram
1670 3336 1930 3386 referuntur,
1955 3337 2218 3378 contiuentur

326 3401 369 3440 in
398 3401 519 3440 tertia
551 3401 680 3441 classe
717 3412 765 3441 ac
797 3402 918 3443 datae
945 3404 1040 3443 sunt
1075 3402 1128 3442 ad
1157 3413 1258 3442 rom.
1291 3402 1528 3453 pontificem
1565 3402 1735 3454 eiusque
1774 3403 1969 3443 ccclesiae
1998 3404 2213 3455 homiues,

326 3478 470 3517 nempe
497 3466 547 3506 ad
587 3469 782 3508 Ioannem
818 3470 868 3509 X.
892 3469 956 3509 vel
994 3469 1252 3509 Anastasium
1274 3471 1344 3508 III.
1370 3468 1447 3509 Hic
1472 3468 1664 3509 Nicotaus
1697 3469 1767 3519 qui
1805 3480 1828 3508 a
1859 3471 1995 3510 Leone
2025 3471 2215 3521 sapiente

323 3537 484 3572 mortu:
521 3533 596 3573 suit
630 3534 680 3574 ad
719 3535 1035 3585 patriarchalem
1067 3535 1205 3576 sedem
1240 3547 1305 3576 an.
1329 3542 1417 3576 895.
1449 3536 1721 3587 quadriennio
1750 3537 1840 3586 post
1866 3538 1999 3579 Photii
2021 3538 2179 3578 obitum
2200 3569 2211 3586 ‚
