2320 4030
353 195 429 251 94
653 214 734 254 Lm
784 213 863 253 111.
895 210 1038 251 secr.
1069 210 1106 249 1.
1141 210 1206 250 nr,
1238 212 1397 251 imru.
1430 211 1634 253 cniusr.
1664 213 1905 257 mirus.

354 335 511 384 rum3
549 335 619 372 ne
662 310 955 371 christiani
993 310 1255 371 «viduas
1315 311 1531 394 absque
1591 336 1819 374 suorum
1864 318 2217 378 sacerdotum

349 431 632 469 consensu
674 419 728 467 et
771 405 1108 467 conlibentia
1151 406 1333 489 plebis
1379 409 1583 469 ducere
1627 427 1988 493 praesumant
2024 415 2213 493 (70).›‚

353 507 511 567 Hanc
568 518 752 564 tamen
805 504 1181 565 conditionem
1227 505 1298 564 ab
1342 506 1582 566 ecclesia
1638 531 1947 591 numquam
1991 511 2223 595 adopta-

352 617 464 663 tam
509 622 733 660 censeo,

474 698 554 756 Ex
585 698 793 780 quibus
825 698 1088 759 omnibus
1124 722 1362 781 pronum
1394 715 1479 760 est
1509 702 1713 763 inferre
1744 704 2043 763 ecclesiam
2074 726 2222 764 sem-

351 817 451 875 per
493 816 659 874 aegre
713 795 915 854 tulisse
959 796 1242 855 secundas
1300 798 1554 879 nuptiaS,
1602 800 1705 859 etsi
1762 823 1858 859 eas
1911 824 2220 883 numquam

350 890 718 974 prohibuerit.
757 893 869 952 Nec
912 894 1118 954 mirum
1148 894 1352 975 cuique
1383 915 1511 954 esse
1541 896 1707 956 debet
1738 898 1786 957 si
1832 897 2071 957 ecclesia
2116 900 2219 956 mi—

351 1010 458 1047 nus
503 1010 564 1047 se
606 1011 738 1068 erga
781 989 1060 1050 eiusmodi
1108 991 1302 1049 iterata
1357 990 1620 1071 coniugia
1672 1015 2012 1075 propensam
2072 994 2225 1053 exhi-

350 1084 472 1144 buit
515 1085 585 1145 ob
630 1086 901 1146 indicium
933 1088 1086 1168 quod
1117 1110 1182 1146 ea
1212 1087 1559 1168 praeseferre
1589 1089 1853 1149 videntur
1895 1092 2067 1150 animi
2114 1114 2226 1151 non

349 1181 652 1242 admodum
684 1184 1021 1244 continentis
1053 1185 1376 1267 pudicique3
1406 1207 1533 1244 cum
1558 1185 1646 1245 vel
1676 1187 1827 1267 apud
1861 1188 2017 1268 ipsos
2049 1188 2228 1248 ethni-

351 1302 448 1340 cos
480 1280 620 1340 haec
649 1280 839 1363 opinio
871 1281 1171 1342 invaluerit
1206 1284 1353 1361 (71),
1393 1282 1533 1343 adeo
1566 1296 1628 1341 ut
1650 1283 1861 1364 digami
1888 1287 2104 1366 passim
2131 1285 2229 1343 de·-

351 1377 728 1457 spicerentur,
768 1401 833 1438 ac
876 1402 1078 1460 magno
1110 1379 1166 1438 in
1202 1380 1379 1461 pretio
1418 1393 1472 1439 et
1502 1380 1915 1441 existimatione
1959 1381 2229 1441 haberen-

353 1486 441 1532 tur
461 1522 473 1545 ,
503 1494 648 1556 quae
679 1474 845 1534 fidem
889 1476 1068 1556 primo
1094 1476 1294 1535 marito
1328 1476 1591 1537 defuncto
1620 1498 1844 1559 semper
1880 1492 2222 1538 servassent.

1068 1660 1416 1705 ARTICULUS
1451 1661 1510 1705 ΙΙ.

422 1813 652 1862 Doctrina
685 1814 912 1862 ecclesiae
948 1827 1004 1862 ac
1040 1814 1297 1876 disciplina
1331 1817 1460 1864 circa
1494 1818 1774 1880 trigamiam
1811 1817 2165 1881 ulterioresque

660 1897 859 1958 nuptius
896 1898 1197 1944 successivas
1233 1899 1491 1959 exponitur
1527 1911 1584 1946 ac
1620 1898 1912 1947 vindicatur.

475 2066 721 2125 Dubium
745 2088 855 2125 non
887 2080 973 2124 est
1002 2065 1072 2124 de
1102 2064 1455 2144 legitimitate
1485 2067 1777 2146 trigamiae
1800 2082 1853 2127 et
1883 2067 2228 2149 subsequen-

357 2163 494 2223 tium
520 2163 938 2242 coniugiorum,
979 2162 1125 2221 idem
1163 2184 1289 2221 esse
1326 2162 1618 2221 ferendum
1650 2164 1924 2223 iudicium
1955 2187 2020 2224 ac
2049 2165 2120 2224 de
2150 2165 2234 2223 bi-

356 2260 562 2340 gamia.
609 2260 726 2320 Hoc
770 2259 951 2320 solum
993 2259 1287 2319 intercedit
1319 2260 1624 2319 discrimen
1666 2261 1819 2319 iuxta
1862 2274 2104 2320 veterem
2149 2261 2236 2319 di-

357 2356 694 2439 sciplinam,
732 2357 883 2439 quod
916 2357 1182 2416 severiori
1223 2357 1566 2438 poenitentia
1596 2357 1815 2416 multati
1863 2357 2098 2426 suerint,
2136 2358 2232 2438 qui

356 2454 430 2513 ad
468 2454 758 2514 ulteriores
798 2454 1024 2536 nuptias
1060 2454 1447 2524 transiissent,
1488 2477 1659 2536 quam
1699 2455 1795 2535 qui
1830 2454 2025 2513 iterato
2063 2454 2235 2513 semel

357 2551 640 2611 connubio
683 2551 925 2612 contenti
971 2551 1250 2623 fuissent,
1315 2551 1386 2610 ob
1439 2551 1710 2611 maiorem
1770 2550 2234 2610 incontinentiam

356 2671 527 2730 quam
571 2649 1046 2731 praeseferebant.
1097 2649 1274 2730 quue
1325 2662 1442 2707 tum
1497 2648 1554 2706 in
1606 2648 1846 2707 ecclesia
1899 2647 2233 2707 occidentali

359 2761 475 2804 tum
501 2747 862 2827 potissimum
899 2747 956 2805 in
994 2745 1250 2806 orientali
1291 2767 1436 2827 quae
1474 2746 1679 2825 iugiter
1716 2768 1775 2804 so
1813 2744 1994 2824 magis
2039 2745 2233 2805 adver-

358 2865 479 2901 sam
522 2843 614 2902 his
658 2843 1000 2904 successivis
1045 2843 1257 2925 nuptiis
1301 2842 1576 2902 exhibuit.

484 2940 826 2999 Peculiarem
865 2940 1235 2999 nihilominus
1276 2940 1676 3021 proposuimus
1715 2940 1784 2998 de
1821 2939 1980 2997 hisce
2016 2939 2236 2998 ulterio—

360 3036 516 3096 ribus
541 3037 821 3116 coniugiis
859 3038 1241 3097 tractationem
1275 3037 1599 3106 instituere,
1636 3049 1697 3094 ut
1725 3035 1929 3095 veteris
1962 3035 2234 3095 ecclesiae

476 3214 557 3264 (70)
586 3215 677 3256 Lib.
709 3214 776 3255 Vl.
806 3226 847 3256 n.
876 3219 966 3256 408.

475 3283 558 3334 (71)
588 3282 694 3323 Hinc
722 3282 919 3334 Virgilius
948 3282 1007 3322 sic
1041 3281 1270 3322 introducit
1299 3279 1501 3320 Didonem
1532 3279 1758 3320 dicentem:

682 3350 725 3391 Si
752 3350 853 3390 mihi
881 3361 963 3390 non
992 3350 1129 3389 animo
1158 3348 1286 3388 fixum
1314 3348 1615 3397 immotumque
1635 3346 1806 3396 sederet,

684 3420 743 3459 Ne
770 3416 836 3458 cui
865 3429 930 3458 me
958 3417 1095 3457 vinclo
1123 3416 1271 3457 vellem
1301 3414 1459 3456 sociare
1486 3413 1609 3465 iugali

685 3486 793 3527 Huic
819 3485 891 3525 uni
920 3485 1056 3525 forsan
1084 3483 1200 3536 potui
1227 3483 1492 3525 succumbere
1518 3483 1678 3534 culpae.

363 3555 409 3593 In
439 3554 510 3594 lib.
542 3556 610 3594 lv.
637 3565 677 3593 v.
707 3559 836 3595 15-19.
860 3553 930 3593 ubi
959 3553 1142 3604 repetere
1170 3551 1333 3603 nuptias
1358 3550 1464 3590 Dido
1492 3549 1670 3601 culpam
1701 3560 1848 3589 vocare
1878 3559 1958 3588 non
1992 3548 2147 3588 abnuit,
