2320 4030
456 278 567 316 mr.
598 278 633 316 1.
666 278 730 316 nn
762 276 1052 316 rotimum
1082 274 1423 316 simonium.
1462 273 1580 314 Αιιτ.
1611 274 1666 314 ιι.
1881 255 1949 313 31

240 375 416 454 Atque
446 395 511 431 ex
542 373 633 432 his
664 374 775 432 iam
806 371 966 430 facile
995 382 1081 428 est
1111 369 1341 441 inferre,
1377 371 1527 451 quod
1563 369 1810 429 secundo
1841 369 1959 428 loco

118 468 535 540 constituimus,
565 466 924 549 polygyniam
948 464 1056 543 legi
1079 463 1317 523 naturali
1341 464 1750 545 quodammodo
1773 462 1961 523 adver-

120 565 253 624 sari.
290 565 416 623 Dixi
447 560 831 645 quodammodo
866 583 936 619 ne
964 559 1185 620 viderer
1226 561 1558 620 contendere
1581 560 1836 628 ‚absolute
1866 581 1963 640 po·

121 661 424 741 lygamiam
453 659 559 718 iuri
589 655 826 716 naturali
858 677 1168 736 repugnare
1190 702 1202 726 ‚
1239 655 1373 735 quia
1400 677 1530 714 cum
1553 678 1619 715 ex
1642 677 1755 715 una
1783 666 1959 736 parte,

122 769 183 814 ut
210 755 454 813 diximus
476 801 488 824 ,
523 774 623 833 per
650 774 771 811 eam
805 751 934 810 finis
965 749 1267 831 primarius
1299 749 1542 828 coniugii
1574 748 1809 811 obtineri
1841 770 1963 829 pos-

123 852 228 922 sit,
276 863 330 909 et
370 871 436 908 ex
479 847 589 907 alia
647 846 999 906 incommoda
1054 844 1220 904 etiam
1278 865 1425 925 quae
1470 865 1592 903 eam
1635 844 1966 904 comitantur

121 946 269 1006 vinci
310 966 374 1004 ac
419 943 671 1024 superari
724 942 948 1002 omnino
1002 940 1252 1012 valeant,
1304 939 1718 1021 temperandam
1761 939 1965 1004 idcirco

121 1040 526 1123 aliquantulum
568 1060 768 1099 censeo
814 1038 1163 1098 sententiam.

238 1136 493 1195 Ceterum
537 1135 592 1192 in
637 1135 886 1216 exposito
930 1155 1101 1194 sensu
1157 1131 1515 1215 polygyniam
1570 1131 1807 1192 naturali
1860 1133 1966 1191 iuri

123 1230 404 1289 adversari
451 1253 516 1289 ex
559 1252 623 1288 eo
667 1241 854 1311 patet,
910 1228 1060 1310 quod
1115 1227 1465 1298 secundarii,
1528 1249 1670 1308 quos
1725 1239 1963 1297 vocant,

121 1327 364 1406 coniugii
398 1326 536 1385 fines
566 1326 656 1386 vix
688 1339 783 1384 aut
812 1347 881 1384 ne
902 1325 994 1384 vix
1014 1324 1240 1405 quidem
1269 1346 1397 1383 cum
1429 1323 1747 1405 polygamia
1775 1322 1967 1382 haberi

124 1423 360 1502 possint.
391 1422 678 1503 Siquidem
718 1422 773 1479 in
810 1421 1103 1479 mulierum
1147 1419 1494 1500 pluralitate,
1544 1431 1791 1500 spectata
1827 1419 1972 1499 ipsa-

125 1541 243 1578 rum
277 1518 464 1577 indole
506 1540 570 1577 ac
615 1530 837 1588 natura,
882 1539 986 1598 pax
1015 1528 1068 1576 et
1098 1515 1471 1596 tranquillitas
1495 1539 1528 1575 a
1551 1515 1764 1574 familia
1791 1515 1973 1575 exulet

123 1636 354 1674 neeesse
386 1626 490 1683 est,
527 1635 638 1672 non
682 1613 845 1671 modo
887 1611 1022 1693 quia
1065 1610 1327 1670 mulieres
1366 1611 1584 1670 rixosae
1624 1633 1750 1670 esse
1793 1609 1972 1670 solent

123 1723 176 1768 et
200 1710 513 1790 inquietae,
542 1730 731 1767 verum
763 1708 929 1767 etiam
950 1755 962 1779 ,
999 1707 1109 1766 imo
1141 1707 1493 1788 potissimum
1516 1706 1587 1766 oh
1610 1706 1965 1788 zelotypiam,

123 1805 194 1864 ob
238 1804 695 1875 aemulationem,
743 1803 814 1863 ob
858 1804 1126 1863 invidiam
1169 1803 1425 1884 aliasque
1465 1803 1833 1883 cupiditates,
1871 1824 1971 1862 seu

122 1913 183 1959 ut
210 1913 407 1960 vocant
429 1901 736 1979 passioneS,
766 1922 912 1981 quae
940 1922 1006 1959 ex
1035 1898 1311 1958 eiusmodi
1346 1898 1755 1958 consociatione
1777 1911 1974 1980 suapte

124 2009 321 2056 natura
364 1995 624 2067 excitari,
662 2008 830 2076 atque
861 1994 1093 2055 accendi
1135 1994 1494 2054 vehementer
1533 2007 1966 2065 consueverunt,

124 2092 206 2150 uti
232 2091 574 2172 experientia
604 2091 895 2151 manifeste
917 2090 1277 2150 demonstrat.
1300 2091 1588 2150 Praeterea
1607 2111 1976 2172 unaquaeque

124 2187 369 2247 sobolem
414 2210 572 2247 suam
620 2209 751 2268 prae
794 2187 979 2246 aliena
1023 2186 1237 2266 diligit,
1288 2186 1540 2268 adeoque
1583 2198 1850 2267 perpetua
1879 2185 1974 2249 ha·

124 2284 283 2343 betur
322 2284 541 2344 occasio
585 2283 955 2344 contentionis
1000 2296 1167 2365 atque
1198 2282 1443 2342 dissidii.
1473 2283 1618 2342 Hinc
1646 2283 1708 2341 fit
1736 2295 1796 2342 ut
1825 2283 1973 2363 apud

127 2378 419 2438 orientales
464 2378 699 2462 populos
742 2400 916 2459 penes
960 2400 1102 2460 quos
1143 2378 1421 2438 eiusmodi
1464 2377 1768 2460 polygynia
1795 2377 1969 2457 viget,

129 2496 244 2533 mos
288 2474 589 2535 obtinuerit
617 2487 678 2534 ut
707 2474 983 2535 foeminae
1022 2495 1216 2533 omnes
1259 2473 1317 2531 in
1361 2473 1661 2555 gynecaeis
1690 2486 1971 2554 tamquam

131 2567 188 2623 in
228 2569 540 2629 carceribus
582 2570 900 2640 trudantur,
949 2592 1018 2629 ne
1061 2569 1120 2627 in
1164 2568 1375 2628 familia
1417 2568 1657 2629 dissidia
1697 2581 1751 2626 et
1789 2566 1976 2629 confu-

131 2660 341 2719 sionem
385 2663 528 2722 ciere
572 2665 810 2744 possint.

251 2757 440 2837 Neque
470 2757 627 2817 obest
655 2759 991 2839 quandoque
1018 2760 1290 2818 foeminas
1328 2758 1550 2837 ingenio
1594 2758 1858 2838 pacificas
1892 2780 1974 2816 re-

135 2852 330 2931 periri,
375 2875 518 2933 quae
552 2854 816 2912 unionem
847 2854 1158 2913 animorum
1185 2866 1238 2913 et
1259 2852 1612 2914 concordiam
1655 2866 1975 2914 consecten—

127 3081 304 3121 stabilita
330 3082 368 3121 la
400 3082 839 3134 poligamia.·Essendo
863 3084 1004 3133 queste
1024 3082 1203 3132 (donne)
1222 3093 1371 3123 ancora
1389 3083 1599 3134 bambine,
1622 3082 1671 3123 ne
1686 3082 1735 3122 ad
1755 3082 1860 3123 altro
1878 3081 1975 3122 abili

129 3147 204 3186 che
233 3147 271 3186 al
306 3147 472 3198 diletto,
505 3148 657 3189 voleasi
686 3159 739 3187 un
767 3148 880 3188 freno
907 3148 987 3188 alla
1016 3148 1194 3201 violenta
1226 3148 1449 3200 agitazione
1472 3148 1578 3189 delle
1598 3149 1685 3189 loro
1702 3147 1898 3199 passioni,
1920 3148 1975 3188 al-

128 3213 151 3250 Γ
165 3223 321 3263 amore,
344 3213 424 3254 alla
446 3215 630 3266 rivalita,
652 3216 730 3255 alle
748 3215 908 3266 gelosie.
931 3218 963 3254 E
986 3215 1009 3254 l‘
1023 3215 1206 3266 orgoglio
1236 3227 1258 3255 e
1288 3215 1326 3255 le
1345 3215 1533 3255 affezioni
1552 3215 1592 3256 di
1612 3226 1698 3257 esse
1717 3216 1977 3256 rimanevano

128 3279 250 3319 offese
271 3279 379 3320 dalla
407 3281 642 3332 poligamia,
667 3282 743 3322 che
769 3283 972 3323 tormenta
994 3282 1006 3321 i
1025 3283 1132 3323 sensi
1161 3282 1266 3323 colle
1292 3282 1538 3334 privazioni,
1566 3282 1595 3322 il
1619 3292 1741 3323 cuore
1765 3282 1870 3323 colle
1887 3293 1975 3334 pre·

130 3346 302 3397 serenze3
320 3347 424 3388 oncle
438 3349 477 3389 lo
494 3360 613 3401 sposo
631 3360 713 3389 non
731 3351 880 3400 poteva
899 3349 960 3389 sar
979 3351 1102 3390 conto
1119 3348 1361 3391 sull’amore
1376 3349 1419 3390 di
1435 3360 1540 3400 esse;
1563 3360 1702 3390 amore
1718 3349 1756 3389 la
1774 3348 1844 3401 piu
1862 3347 1977 3389 salda

130 3413 377 3464 guarantigia
401 3413 509 3455 della
528 3414 689 3455 fedelta.
704 3417 869 3456 Doveva
891 3416 1075 3466 pertento
1100 3415 1329 3456 dominarla
1345 3428 1421 3456 con
1445 3416 1644 3456 indomita
1657 3414 1975 3466 severitamhiu·

132 3475 241 3516 derla
263 3489 338 3517 con
363 3480 627 3521 attentissime
657 3481 913 3532 precauzioni
933 3511 944 3532 ,
974 3481 1091 3531 porvi
1116 3493 1141 3521 a
1163 3480 1347 3522 custodia
1374 3481 1529 3522 nomini
1563 3481 1704 3523 ridotti
1727 3481 1768 3522 in
1791 3481 1904 3532 guisa
1923 3481 1975 3520 da

133 3551 211 3580 non
230 3544 398 3585 eccitare
418 3546 467 3585 ne
488 3546 499 3585 i
526 3546 712 3587 desiderii
737 3547 841 3587 dene
863 3547 1076 3597 fanciulle,
1096 3547 1146 3588 ne
1167 3548 1205 3586 la
1224 3547 1373 3598 gelosia
1391 3547 1455 3589 de!
1475 3547 1692 3599 padrone.»
