2320 4030
361 230 473 286 376
615 247 715 285 LIB.
752 245 830 285 111.
870 244 1013 285 SECT.
1051 245 1269 285 ALTERA.
1299 245 1364 284 DE
1397 246 1583 286 INDISS.
1615 248 1770 289 MATR.
1801 251 2007 292 CHRIST.

358 347 596 427 gendam
634 344 929 404 ecclesiam
962 346 1414 405 cantuariensem
1445 346 1663 405 miserit
1693 370 1895 428 magna
1925 374 2063 411 usus
2095 373 2231 411 cau-

362 445 471 503 tela
515 455 620 502 est.
659 443 843 501 Refert
887 443 1171 524 siquidem
1214 443 1364 501 Beda
1408 444 1560 524 quod
1606 466 1732 503 cum
1776 446 2095 508 Hadrianus
2146 450 2232 508 vir

361 538 726 597 doctissimus
770 538 1069 598 obtulisset
1104 538 1457 598 Theodorum
1503 540 1805 599 «Pontifici
1855 542 2228 623 (Vitaliano)‚

357 648 421 694 ut
446 634 748 719 episcqpus
773 635 1155 707 ordinaretur,
1184 635 1454 706 obtinuit;
1492 635 1583 696 his
1607 648 1793 695 tamen
1818 637 2234 701 conditionibus

354 732 733 813 interpositis,
787 746 848 792 ut
895 734 1018 815 ipse
1062 755 1189 792 eum
1234 733 1562 814 perduceret
1606 733 1663 791 in
1707 733 2233 797 Britanniam....Et

352 841 414 887 ut
447 829 499 887 ei
534 829 823 889 doctrinae
865 842 1190 912 cooperator
1232 830 1511 901 existens,
1562 830 1857 910 diligenter
1899 831 2227 904 attenderet,

352 948 416 984 ne
460 926 594 1007 quid
638 927 730 985 ille
775 929 1107 986 contrarium
1148 927 1374 984 veritati
1411 927 1568 1008 fidei,
1618 950 1934 1008 qraecorum
1976 950 2140 997 more,
2178 931 2236 987 in

351 1023 632 1082 ecclesiam
677 1025 768 1082 cui
799 1036 1101 1104 praeesset,
1153 1022 1512 1082 introduceret
1534 1025 1767 1102 (265).»
1796 1024 2013 1084 Deinde
2042 1047 2173 1085 vero
2203 1048 2237 1085 a

352 1120 620 1201 pontifice
662 1119 953 1200 Agathone
998 1121 1238 1180 Ioannes
1291 1120 1504 1179 missus
1550 1120 1608 1178 in
1651 1121 1913 1201 Angliam
1968 1134 2084 1194 est,
2136 1122 2234 1204 qui

355 1241 383 1272 «
412 1216 471 1274 in
505 1217 789 1276 mandatis
820 1216 892 1276 ab
923 1216 1232 1298 apostolico
1258 1217 1409 1299 Papa
1439 1230 1762 1299 acceperat,
1798 1230 1860 1277 ut
1890 1219 2051 1278 cuius
2083 1231 2237 1278 esset

353 1311 484 1371 fidei
519 1313 812 1393 anglorum
843 1313 1085 1373 ecclesia
1115 1312 1411 1392 diligenter
1440 1313 1745 1385 edisceret,
1781 1314 2127 1396 Romamque
2156 1336 2238 1374 re-

351 1408 546 1480 diens,
597 1409 826 1468 referret
861 1411 1092 1488 (266).»
1121 1409 1388 1493 Adeoque
1422 1410 1542 1469 fieri
1574 1432 1685 1470 non
1715 1410 1926 1493 potuit,
1962 1422 2024 1469 ut
2056 1409 2237 1471 Theo-

351 1505 523 1564 dorus
572 1505 812 1565 abusum
852 1505 1010 1565 illum
1049 1506 1107 1564 in
1144 1505 1374 1566 Oriente
1415 1529 1449 1565 a
1479 1507 1792 1567 Iustiniano
1837 1507 1975 1588 imp.
2005 1507 2118 1566 iam
2150 1508 2238 1566 in-

351 1602 615 1673 ductum,
655 1602 713 1660 in
741 1602 1041 1663 ecclesiam
1075 1604 1184 1663 sibi
1218 1604 1580 1664 commissam
1619 1603 2025 1673 introduceret,
2061 1602 2237 1663 multo

353 1720 483 1758 vero
528 1698 719 1758 minus
766 1699 1038 1771 sanciret3
1093 1722 1195 1759 nec
1240 1700 1391 1759 enim
1421 1700 1528 1761 viri
1571 1699 1654 1758 illi
1686 1700 1859 1760 Roma
1890 1699 1948 1758 in
1976 1698 2235 1780 Angliam

350 1795 548 1868 missi,
585 1795 645 1854 id
675 1795 792 1856 ulla
821 1796 1036 1856 ratione
1081 1797 1416 1857 tolerassent
1446 1799 1633 1876 (267).

471 1892 558 1951 IV.
609 1893 877 1975 Superest
918 1907 979 1953 ut
1022 1893 1297 1974 originem
1342 1894 1669 1974 detegamus
1701 1916 1767 1954 ex
1799 1916 1912 1976 qua
1942 1894 1999 1951 in
2030 1892 2229 1952 allatas

349 1988 704 2048 collectiones
749 1990 1030 2049 contraria
1074 1990 1329 2050 doctrina
1360 1991 1667 2072 irrepserit.
1698 1990 1988 2071 Siquidem
2019 2011 2085 2062 ex
2115 2010 2230 2047 una

348 2098 505 2166 parte
540 2085 886 2167 exploratum
930 2101 1015 2146 est
1058 2087 1116 2144 in
1159 2086 1402 2146 ecclesia
1432 2086 1778 2157 britannica,
1816 2098 1871 2144 et
1901 2085 1959 2143 in
1991 2085 2231 2144 ecclesia

348 2181 641 2242 hibernica
683 2196 812 2242 ante
863 2182 1140 2242 Theodori
1174 2183 1231 2240 in
1262 2182 1521 2263 Angliam
1565 2181 1867 2242 adventum
1911 2181 2231 2241 obtinuisse

349 2280 662 2339 doctrinam
694 2293 748 2339 et
780 2281 996 2362 praxim
1028 2280 1098 2340 de
1128 2279 1387 2340 absoluta
1431 2279 1744 2359 coniugalis
1788 2278 1999 2339 vinculi
2045 2278 2230 2338 indis-

350 2376 725 2449 solubilitate,
755 2389 816 2436 ut
846 2390 1067 2437 constat
1089 2400 1155 2436 ex
1179 2377 1431 2436 indubiis
1464 2398 1529 2436 ac
1559 2376 1803 2458 publicis
1842 2375 2224 2447 documentis;

348 2494 414 2531 ex
459 2471 634 2532 altera
674 2495 805 2533 vero
858 2486 1044 2554 parte,
1102 2486 1314 2533 certum
1359 2485 1445 2532 est
1486 2485 1651 2554 prout
1706 2495 1882 2554 nuper
1937 2472 2230 2532 innuimus

348 2568 707 2630 collectiones
742 2591 1020 2630 canonum
1051 2583 1148 2630 aut
1177 2570 1577 2651 capitulorum,
1615 2592 1760 2652 quae
1795 2568 1902 2628 sub
1947 2568 2225 2628 Theodori

349 2666 575 2725 nomine
599 2666 954 2748 prodierunt,
985 2667 1163 2726 fuisse
1193 2665 1551 2726 collectiones
1586 2665 1866 2747 privataS,
1897 2686 2043 2746 quae
2066 2686 2230 2723 num-

350 2786 520 2844 quam
565 2763 739 2823 ullam
783 2763 1146 2823 obtinuerunt
1191 2763 1558 2823 sanctionem.

471 2861 541 2919 Et
571 2861 761 2943 reipsa
791 2861 850 2919 in
874 2860 1076 2940 Anglia
1098 2873 1153 2920 et
1175 2861 1232 2918 in
1258 2860 1532 2920 Hibernia
1561 2859 1873 2919 doctrinam
1907 2857 2228 2918 obtinuisse

350 2955 420 3014 de
461 2956 719 3016 absoluta
763 2956 1261 3017 indissolubilitate
1294 2956 1541 3036 coniugii
1573 2955 1743 3015 etiam
1774 2955 1832 3013 in
1864 2976 2037 3013 causa
2067 2950 2229 3012 adul-

351 3051 475 3109 terii
510 3063 727 3133 praeter
749 3075 836 3124 ea,
867 3075 1013 3134 quae
1044 3051 1336 3110 attulimus
1362 3051 1419 3109 in
1444 3050 1799 3132 paragrapho
1831 3047 2220 3129 praecedente,

351 3147 464 3207 alia
496 3160 804 3228 suppetunt
835 3148 1170 3209 documenta
1202 3170 1347 3230 quae
1370 3147 1427 3205 id
1450 3148 1732 3207 evincunt.
1754 3146 1844 3204 Sic
1866 3144 1924 3201 in
1942 3145 2229 3201 Poeniceu-

355 3245 479 3304 ciali
507 3245 760 3304 Vz'nnz'an.
791 3246 850 3326 ἕ.
874 3246 967 3303 42.
989 3245 1094 3305 hoc
1119 3245 1402 3305 decretum
1436 3244 1699 3305 habetur:
1729 3243 2009 3302 «Uxorem
2042 3263 2075 3300 a
2104 3240 2227 3301 viro

479 3385 588 3436 (265)
617 3385 706 3426 Lib.
731 3387 800 3425 lv.
824 3395 914 3435 cap.
941 3387 971 3424 Ι.
996 3395 1089 3435 pag.
1114 3389 1202 3424 115.

478 3452 587 3502 (266)
616 3451 721 3491 lbid.
742 3462 830 3502 cap.
849 3453 977 3491 XVII.
998 3462 1091 3502 pag.
1118 3454 1203 3490 137.

474 3520 583 3570 (267)
610 3519 673 3559 Cf.
699 3519 835 3559 carol.
858 3518 1052 3558 Scliroedl
1078 3518 1181 3569 pros.
1198 3517 1332 3557 Licaei
1353 3517 1602 3568 passaviens.
1626 3518 1827 3558 Primum
1847 3513 2076 3556 saeculum
2093 3511 2222 3554 eccle-

352 3587 442 3627 siae
466 3585 649 3638 Anqltae
665 3588 745 3628 etc.
767 3584 983 3627 Passaviae
1018 3587 1127 3625 1640.
1151 3595 1240 3635 pag.
1263 3588 1333 3624 251
1358 3593 1473 3634 seqq.
