2320 4030
410 243 480 297 98
700 260 798 298 Lm.
845 258 920 297 ιιι.
961 257 1102 296 sacr.
1143 257 1179 295 1.
1213 257 1276 296 m:
1312 257 1466 297 Mun.
1499 258 1703 299 cumsr.
1736 260 1975 303 υΝιΤΑΤΕ,

405 381 572 441 quam
608 360 663 416 in
703 358 978 435 bigamos
1021 357 1187 417 Porro
1230 358 1274 416 si
1318 357 1555 417 ecclesia
1591 361 1966 440 poenitentiae
1997 363 2164 422 etiam
2187 363 2282 429 ,bi-

404 476 597 536 gamos
622 453 930 523 subdebat,
967 467 1179 534 quanto
1212 454 1392 534 magis
1425 455 1585 514 tertio
1615 468 1710 514 aut
1731 469 1929 537 quarto
1960 458 2279 519 nubentes?

402 550 630 610 Accedit
667 550 817 631 quod
853 550 1092 610 ecclesia
1130 572 1330 631 graeca
1369 565 1576 611 etcum
1617 574 1682 612 ea
1718 552 1958 614 eeclesia
1988 556 2277 617 orientalis

405 648 667 706 universa
702 646 854 706 velut
898 647 1247 727 illegitimam
1284 648 1671 728 tetragamiam
1709 652 1988 730 respuerit
2023 650 2145 731 lege
2187 674 2281 712 ea·-

400 743 602 803 nonica
632 765 778 824 quae
808 744 896 803 sin
930 743 1117 803 minus
1152 743 1463 805 universim
1490 792 1502 817 ,
1550 744 1753 805 saltem
1794 745 1851 804 in
1883 745 2171 829 plerisque
2198 769 2284 808 ec-

400 839 590 899 clesiis
616 839 937 911 obtinebat;
968 840 1142 899 multo
1172 861 1303 899 vero
1334 841 1516 921 magis
1548 841 1841 902 ulteriores
1873 843 2101 924 nuptias
2133 865 2277 926 quas

399 936 645 996 decrevit
694 957 821 996 esse
876 935 1105 1007 nullas,
1162 937 1423 1018 apposito
1483 938 1886 1020 impedimento
1931 939 2231 1002 dirimente
2263 990 2275 1012 ,

402 1033 552 1113 quod
601 1032 723 1113 lege
768 1034 891 1116 ipsa
935 1033 1085 1093 civili
1132 1034 1459 1115 adoptatum
1505 1047 1590 1093 est
1630 1034 1883 1117 adeoque
1935 1058 2045 1097 non
2082 1059 2185 1117 per
2225 1059 2280 1096 se

397 1127 677 1189 eiusmodi
725 1129 955 1210 nuptias
1002 1128 1371 1210 reprobarunt
1416 1129 1635 1210 antiqui
1671 1144 1894 1210 patreS,
1938 1132 2037 1192 sed
2072 1132 2144 1192 ob
2186 1154 2276 1192 ee-

397 1224 775 1286 clesiasticam
820 1226 999 1306 legem
1045 1249 1159 1307 qua
1205 1225 1392 1285 nullae
1438 1225 1753 1286 declaratae
1796 1240 1958 1299 sunt,
2002 1250 2106 1288 nec
2149 1231 2276 1288 uni-

395 1344 555 1382 verse
597 1323 847 1404 quidem.

517 1419 846 1479 Theodorus
886 1420 1183 1480 Balsamon
1231 1419 1468 1480 celebris
1508 1419 1797 1481 orientalis
1828 1420 2097 1482 ecelesiae
2135 1422 2273 1481 iuris

393 1516 651 1575 canonici
692 1517 907 1597 peritus
940 1517 1107 1577 refert
1138 1517 1428 1598 antiquam
1463 1516 1643 1597 legem
1684 1516 1767 1577 uti
1799 1516 2077 1597 legitimas
2110 1540 2279 1598 agno-

393 1611 549 1671 visse
591 1612 759 1672 etiam
804 1613 996 1673 tertias
1042 1614 1306 1694 nuptiaS,
1363 1613 1729 1695 (liberosque
1766 1613 1970 1674 exinde
1998 1628 2150 1676 ortos
2195 1616 2274 1674 uti

393 1707 666 1769 haeredes
708 1709 807 1791 qui
848 1723 1007 1769 erant
1049 1710 1156 1770 sub
1203 1723 1498 1791 parentum
1537 1714 1871 1792 potestate).
1911 1711 2012 1772 Ast
2033 1732 2278 1772 canones

393 1817 715 1865 sanctorum
760 1819 1018 1886 patrum,
1072 1806 1150 1876 ait
1194 1806 1346 1887 ipse,
1406 1827 1516 1866 non
1564 1806 1732 1867 modo
1769 1806 1923 1866 haud
1962 1820 2277 1887 agnoscunt

392 1900 614 1959 tertium
646 1900 1008 1979 coniugium,
1037 1922 1230 1960 verum
1255 1902 1424 1962 etiam
1456 1902 1784 1963 adiudicant
1822 1902 2135 1963 secundum
2166 1924 2277 1962 me-

396 1995 573 2056 diocri
627 1996 1025 2077 poenitentiae.
1078 1997 1349 2077 Tempore
1402 1999 1757 2079 imperatoris
1796 2000 1996 2060 Leonis
2030 1999 2274 2080 philoso-

386 2092 489 2172 phi
530 2114 734 2171 magna
777 2091 1023 2151 turbatio
1066 2092 1307 2152 excitata
1353 2107 1439 2153 est
1474 2094 1531 2152 in
1570 2095 1834 2155 omnibus
1867 2095 2063 2155 mundi
2097 2094 2275 2156 eccle-

392 2188 497 2248 siis
524 2190 646 2267 (78)
674 2237 684 2260 ,
715 2189 850 2269 quia
884 2210 945 2247 se
977 2189 1158 2248 iunxit
1182 2211 1292 2248 non
1317 2189 1483 2250 modo
1508 2190 1564 2248 in
1597 2191 1809 2262 tertiiS,
1847 2192 1945 2252 sed
1979 2193 2034 2250 in
2059 2193 2273 2273 quartis

391 2285 623 2366 nuptiis.
675 2285 794 2344 Hac
828 2307 998 2366 super
1035 2308 1092 2344 re
1132 2285 1490 2365 congregatio
1529 2287 1779 2345 omnium
1834 2287 2007 2346 ferme
2052 2289 2273 2369 episco-

391 2403 589 2464 porum
632 2395 960 2442 cunctarum
1004 2381 1418 2463 provinciarum
1459 2381 1751 2441 orientalis
1798 2382 2021 2463 imperii
2063 2383 2272 2442 coadu-

396 2490 526 2537 nata
571 2492 658 2538 est
705 2478 1014 2537 indictione
1060 2478 1201 2535 VIII.
1248 2498 1397 2537 anno
1437 2477 1507 2537 ab
1542 2477 1676 2538 orbe
1719 2478 1943 2540 condito
1991 2481 2167 2538 6428,
2217 2493 2271 2537 et

391 2574 463 2634 ab
507 2576 888 2635 incarnatione
934 2576 1072 2632 921.
1125 2574 1188 2631 In
1235 2595 1300 2632 ea
1344 2573 1629 2635 discussio
1673 2575 1819 2635 sacta
1865 2589 1951 2636 est
1993 2597 2270 2656 quaenam

389 2672 652 2752 coniugia
675 2685 907 2753 possent
944 2671 1024 2730 uti
1054 2670 1306 2750 legitima
1345 2670 1596 2739 admitti,
1635 2693 1914 2752 quaenam
1952 2692 2083 2732 vero
2115 2671 2267 2731 reiici

391 2769 659 2828 deberent
688 2770 838 2847 (79).
875 2767 983 2838 Qui
1022 2767 1229 2826 deinde
1260 2767 1458 2839 refert,
1499 2781 1695 2848 postea
1732 2768 1839 2828 sul]
1868 2768 2103 2849 imperio
2133 2767 2269 2828 Con-

391 2865 622 2925 stantini
650 2864 1162 2946 porphyrogenitae
1192 2886 1257 2924 ac
1288 2863 1522 2924 Romani
1557 2865 1739 2946 ipsius
1776 2864 2029 2944 generis,
2068 2864 2269 2924 eonsti-

390 2974 570 3021 tutum
596 2961 792 3032 fuisse,
818 2975 943 3042 post
966 2962 1154 3021 varias
1178 2961 1621 3022 consultationes
1647 2983 1712 3022 ac
1737 2981 1991 3021 severum
2010 2981 2263 3020 examen.

393 3070 590 3116 tomum
631 3057 952 3139 synodicum
983 3058 1054 3116 ab
1086 3057 1422 3138 imperatore
1466 3058 1778 3125 firmatum,
1822 3078 1886 3117 ac
1924 3055 2266 3116 declaratum

391 3175 518 3214 esse
541 3166 774 3236 quartas
800 3154 1026 3234 nuptias
1052 3152 1359 3213 abolendas
1379 3154 1527 3231 (80),
1552 3152 1778 3212 demum
1806 3153 1970 3213 refert
1999 3153 2268 3212 constitu-

518 3368 600 3418 (78)
624 3369 775 3417 Nempe
798 3367 837 3407 in
860 3368 1027 3408 ccclesia
1053 3366 1263 3415 orientali,
1286 3365 1488 3416 siquidem
1513 3366 1551 3403 in
1576 3366 1743 3406 ecclesia
1777 3365 2016 3406 occidentali
2053 3376 2113 3405 res
2147 3365 2263 3406 aliter

390 3447 430 3475 :tac
460 3435 630 3484 habuit3
652 3435 698 3474 ut
726 3436 865 3486 postca
894 3434 1184 3486 expendemus.

518 3503 600 3551 (79)
631 3503 725 3542 [ur.
754 3504 914 3543 oriem.
942 3503 965 3541 l,
994 3509 1028 3543 5.
1054 3512 1143 3553 pag.
1171 3507 1258 3542 389.
1290 3499 1397 3552 apud
1425 3498 1650 3540 Renaudot.
1675 3511 1740 3550 op.
1769 3503 1808 3539 et
1830 3500 1905 3539 lot:
1930 3500 1999 3539 cit.

517 3569 599 3620 (80)
629 3569 731 3610 und.
