2320 4030
366 215 439 271 96
664 231 766 272 Lm.
797 230 874 271 111.
905 227 1048 269 sacr.
1086 227 1124 267 1.
1163 227 1228 267 nn
1261 226 1417 268 nnn.
1448 227 1654 269 cumsr.
1690 229 1930 272 UNerrss.

362 329 501 391 viris
545 327 809 398 mortuis,
857 325 1034 385 nubat
1073 325 1348 386 foemina:
1392 348 1495 386 nec
1528 349 1596 387 ex
1638 349 1762 388 meo
1805 329 1973 390 corde
2015 344 2238 412 praeter

363 425 682 507 Scripturae
712 434 939 482 sanctae
968 422 1354 483 auctoritatem
1378 471 1389 494 ,
1427 422 1769 505 quotaslibet
1797 425 2024 507 nuptias
2056 427 2238 488 audeo

364 520 737 582 condemnare
785 519 935 597 (72).
970 543 998 575 »

487 617 639 676 Haec
681 615 1083 676 confirmantur
1123 639 1190 676 ex
1222 617 1292 677 iis
1327 639 1474 699 quae
1517 618 1809 701 respondit
1839 617 2099 680 Christus
2129 620 2241 681 Do·

363 715 551 773 minus
597 712 936 773 sadducaeis
980 713 1052 772 ab
1095 736 1159 773 eo
1202 714 1621 774 sciscitantibus
1663 716 1824 774 cuius
1863 717 2050 775 futura
2093 731 2243 777 esset

362 832 528 882 uxor,
566 831 710 891 quae
741 822 957 891 septem
990 809 1256 869 fratribus
1288 823 1574 892 nupserat.
1614 812 1755 870 Nam
1787 833 1912 871 eam
1936 834 2048 872 non
2079 813 2240 873 dam-

364 920 461 966 nat
490 906 643 988 quod
674 918 890 987 septem
916 905 1054 966 viris
1086 906 1404 986 nupsisset,
1440 919 1502 966 ut
1532 907 1734 967 iterum
1766 908 2027 969 observat
2059 932 2108 969 s.
2136 909 2243 970 Au-

362 1004 623 1084 gustinus
647 1002 931 1064 scribens:
975 1004 1209 1084 «Ipsum
1245 1025 1472 1085 quoque
1502 1005 1882 1086 apostolorum
1906 1006 2242 1086 magistrum

362 1113 418 1161 et
445 1099 748 1160 Dominum
786 1098 956 1159 audio
987 1099 1324 1158 sadducaeis
1357 1099 1795 1180 respondentem
1819 1149 1831 1172 ,
1868 1123 1997 1161 cum
2037 1125 2245 1185 propo—

363 1196 615 1257 suissent
644 1194 935 1255 mulierem
961 1218 1072 1255 non
1107 1195 1418 1267 univiram,
1454 1194 1543 1255 vel
1572 1194 1845 1268 biviram,
1882 1198 2010 1270 sed,
2049 1199 2098 1258 si
2129 1199 2242 1259 dici

366 1306 585 1377 potest,
642 1292 970 1375 septiviram
1001 1341 1013 1365 ,
1071 1292 1129 1350 in
1182 1292 1587 1353 resurrectione
1638 1292 1800 1352 cuius
1859 1293 2046 1353 futura
2096 1309 2247 1355 esset

366 1412 524 1451 uxor.
566 1390 872 1472 Increpans
908 1388 1058 1448 enim
1095 1411 1221 1460 eOS,
1256 1388 1365 1461 ait,
1405 1389 1663 1458 Ermaia,
1705 1411 1812 1447 non
1845 1390 2070 1448 scientes
2099 1391 2245 1451 Scri-

354 1499 588 1569 pturas,
636 1507 805 1568 neque
845 1485 1102 1543 virtutem
1136 1485 1257 1544 Dei.
1307 1484 1377 1543 In
1419 1485 1807 1544 resurrectione
1842 1486 1985 1544 enim
2018 1509 2113 1545 nec
2143 1509 2241 1545 nu-

364 1584 513 1653 bent,
550 1606 644 1642 nec
674 1605 871 1642 umores
904 1583 1118 1641 ducent:
1155 1605 1262 1642 non
1291 1583 1433 1640 enim
1462 1582 1724 1662 incipient
1751 1584 1918 1652 mori,
1957 1583 2051 1642 sed
2082 1596 2242 1643 erunt

362 1681 614 1762 aequales
638 1684 849 1763 anqelis
884 1683 1005 1742 Dei.
1043 1683 1252 1743 Eorum
1282 1680 1474 1763 itaque
1506 1680 1973 1740 resurrectionem
2005 1702 2243 1741 comme-

362 1778 628 1850 moravit,
679 1779 776 1860 qui
822 1793 1114 1860 resurgent
1157 1778 1230 1839 ad
1273 1778 1482 1850 vitam,
1535 1798 1648 1836 non
1693 1777 1792 1859 qui
1834 1790 2129 1858 resurgent
2171 1778 2242 1837 ad

364 1898 623 1957 poenam.
674 1877 860 1936 Potuit
889 1900 1021 1957 ergo
1064 1876 1287 1948 dicere,
1323 1873 1525 1935 erratis
1563 1873 1879 1934 nescientes
1925 1874 2243 1956 Scripturas

363 1994 547 2055 neque
581 1973 842 2034 virtutem
874 1974 1008 2045 Dei,
1052 1974 1109 2031 in
1141 1972 1238 2031 illa
1268 1972 1417 2031 enim
1448 1971 1858 2032 resurrectione
1894 1971 2243 2031 multinubae

365 2070 509 2130 istae
550 2092 676 2130 esse
720 2092 832 2130 non
879 2083 1167 2151 poterunt:
1218 2068 1424 2128 deinde
1467 2068 1707 2140 addere,
1746 2069 1883 2151 quia
1914 2090 2019 2128 nec
2052 2068 2244 2151 aliqua

365 2165 443 2224 ibi
476 2165 656 2225 nubit.
693 2166 802 2225 Sed
841 2187 943 2226 nec
973 2166 1191 2247 ipsam,
1227 2177 1290 2223 ut
1325 2163 1613 2234 videmu5‚
1652 2176 1730 2223 tot
1760 2164 2088 2225 maritorum
2119 2187 2244 2224 mu-

366 2261 559 2321 lierem
600 2260 717 2321 ulla
750 2284 887 2322 suae
919 2260 1231 2322 sententiae
1262 2258 1678 2338 significatione
1710 2259 1999 2321 damnavit
2037 2263 2185 2339 (73).
2211 2285 2240 2316 »

486 2349 599 2417 Nec
631 2356 703 2416 ab
739 2357 1036 2437 Augustini
1070 2378 1244 2417 sensu
1275 2353 1479 2435 reliqui
1513 2366 1700 2435 patres
1744 2353 2089 2425 abscedunt,
2138 2354 2245 2413 etsi

365 2452 645 2512 interdum
668 2452 948 2513 eiusmodi
973 2451 1253 2512 connubia
1276 2449 1478 2510 acerbe
1501 2450 1882 2531 perstringant
1903 2463 2072 2531 atque
2095 2449 2248 2508 dam-

365 2571 501 2608 nare
541 2549 857 2609 videantur.
911 2551 994 2609 Ita
1039 2549 1300 2608 Clemens
1360 2546 1649 2606 alexandr.
1701 2546 1799 2628 qui
1844 2546 1922 2606 ita
1966 2546 2239 2606 disserit:

370 2669 397 2701 «
419 2644 905 2715 Quemadmodum
944 2644 1209 2716 avaritia,
1250 2657 1304 2704 et
1335 2643 1501 2725 plura
1528 2642 1779 2702 habendi
1810 2643 2129 2724 cupiditaS‚
2166 2641 2248 2700 di-

365 2740 511 2800 citur
562 2739 889 2812 fornicatio,
947 2753 1009 2799 ut
1053 2762 1200 2822 quae
1245 2739 1576 2799 adversatur
1625 2738 2032 2810 sufficientiae3
2090 2750 2144 2797 et
2187 2751 2249 2796 ut

364 2835 682 2896 idololatria
706 2850 792 2897 est
813 2860 879 2897 ex
909 2859 1021 2897 uno
1058 2837 1116 2895 in
1151 2836 1356 2896 multos
1379 2836 1481 2896 Dei
1511 2835 1821 2907 attributio,
1851 2836 1929 2895 ita
1951 2834 2245 2895 fornicatio

365 2947 452 2994 est
481 2933 553 2992 ab
579 2954 697 2993 'uno
730 2934 1086 2993 matrimonio
1118 2934 1191 2993 ad
1223 2933 1387 3016 plura
1417 2933 1704 3014 prolapsio
1740 2934 1861 3010 (74)
1891 2979 1902 3003 ,
1934 2956 1962 2987 »
1998 2953 2101 2990 nec
2132 2952 2244 2990 non

367 3053 416 3091 s.
456 3030 754 3110 Gregorius
792 3030 1170 3089 nazianzenus
1195 3078 1206 3101 ‚
1236 3030 1334 3110 qui
1363 3029 1618 3110 Apostoli
1652 3027 1823 3089 verba
1848 3039 2245 3087 sacramentum

368 3127 463 3186 hoc
499 3149 759 3207 maynum
795 3138 871 3184 est
909 3138 1008 3184 etc.
1053 3125 1410 3206 expendens:
1457 3125 1597 3183 haec
1634 3123 1868 3184 scribit:
1923 3124 2091 3182 «Hac
2121 3145 2247 3183 ora-

374 3223 525 3285 tione
570 3222 848 3283 secundas
902 3222 1131 3303 nuptias
1175 3221 1317 3280 mihi
1363 3220 1651 3302 deprecari
1695 3220 1935 3281 videtur.
1993 3220 2049 3278 Si
2094 3220 2245 3279 enim

497 3412 579 3464 (72)
603 3412 692 3453 Lib.
708 3414 771 3454 De
784 3414 904 3454 Bono
923 3411 1129 3453 viduitac.
1158 3412 1360 3462 Capxu.
1380 3409 1445 3450 ed.
1462 3412 1590 3451 Maur.
1607 3421 1703 3461 opp.
1720 3410 1820 3450 tom.
1837 3410 2001 3450 VLeol.
2021 3413 2094 3450 376
2108 3419 2193 3458 seq.

497 3480 579 3531 (73)
607 3478 712 3520 lbid.

495 3548 578 3601 (74)
604 3551 763 3590 Strom.
793 3548 864 3589 lib.
896 3550 967 3589 111.
996 3558 1086 3600 pag.
1115 3550 1203 3589 464.
1227 3545 1292 3589 ed.
1316 3547 1384 3587 cit.
