2320 4030
390 307 501 348 mr.
538 308 574 347 1.
610 307 673 347 nn
711 305 993 347 rotmanni
1022 304 1360 346 sumtuum.
1390 302 1502 343 Am.
1531 302 1602 342 ιν.
1829 282 1900 339 59

216 403 366 463 Idem
407 405 563 464 docet
604 427 651 463 s.
688 402 1026 481 Augustinus
1069 400 1202 459 dum
1243 401 1321 460 ait
1349 412 1625 480 receptum
1662 397 1908 458 esse«in

92 499 328 558 ecclesia
371 499 749 558 Christi....ut
776 516 876 554 nec
919 493 1157 554 sterilem
1202 495 1490 572 coniugem
1527 494 1611 553 fas
1648 497 1720 553 sit
1752 490 1911 552 relin-

91 613 293 672 quere,
329 606 390 651 ut
417 592 525 651 alia
560 589 829 651 foecunda
871 587 1122 646 ducatur.
1160 586 1318 655 Quod
1350 588 1397 646 si
1428 588 1728 668 quisquam
1766 586 1910 646 fece—

95 687 190 758 rit,
219 710 326 746 non
360 688 477 765 lege
506 685 669 744 huius
700 683 905 742 saeculi
929 730 940 753 ‚
980 682 1075 740 ubi
1106 681 1504 741 interveniente
1533 682 1762 762 repudio
1791 682 1913 740 sine

93 782 322 840 crimine
370 779 685 840 conceditur
727 799 850 836 cum
903 777 1028 836 aliis
1071 776 1179 835 alia
1223 775 1480 856 copulare
1522 777 1905 847 connubia3...

94 876 192 934 sed
235 875 352 953 lege
386 873 668 951 Evangelii
710 895 835 932 reus
879 885 962 931 est
1001 870 1289 941 adulterii3
1338 871 1483 929 sicut
1523 872 1687 930 etiam
1727 871 1822 930 illa
1861 872 1908 930 si

90 969 248 1028 alteri
277 965 543 1049 nupserit.
572 969 759 1048 Usque
785 968 926 1027 adeo
955 978 1176 1026 manent
1208 966 1350 1024 inter
1380 986 1443 1025 se.
1466 965 1710 1026 viventes
1741 966 1909 1025 semel

93 1062 229 1120 inita
270 1063 390 1120 iura
431 1062 774 1142 nuptiarum,
829 1074 889 1120 ut
930 1061 1112 1141 potius
1164 1059 1277 1118 sint
1326 1059 1469 1118 inter
1509 1080 1571 1118 se
1613 1059 1906 1138 coniugeS‚

86 1157 186 1237 qui
215 1156 285 1215 ab
315 1156 571 1215 alterutro
614 1157 853 1237 separati
891 1169 1046 1227 sunt,
1082 1176 1248 1236 quam
1281 1176 1404 1214 cum
1436 1154 1526 1213 his
1556 1153 1758 1235 quibus
1787 1154 1911 1213 aliis

90 1251 436 1310 adaeserunt.
473 1250 608 1309 Cum
638 1251 762 1310 aliis
792 1251 999 1332 quippe
1027 1249 1259 1309 adulteri
1299 1270 1405 1309 non
1449 1260 1668 1319 essent,
1704 1248 1812 1309 nisi
1842 1248 1911 1308 ad

87 1347 404 1406 alterutrum
445 1347 704 1425 coniuges
747 1358 1126 1427 permanerent
1153 1346 1339 1423 (146).

209 1444 318 1500 Nec
370 1464 480 1501 non
523 1442 870 1501 Innocentius
924 1443 965 1498 Ι.
1001 1441 1096 1522 qui
1129 1440 1351 1500 scribit:
1390 1441 1515 1500 «De
1544 1440 1634 1499 his
1674 1439 1913 1520 requisi-

91 1537 168 1595 vit
209 1537 427 1596 dilectio
471 1549 595 1607 tua,
642 1536 737 1617 qui
781 1536 1175 1595 interveniente
1217 1535 1477 1617 repudio,
1514 1534 1607 1594 alii
1639 1556 1699 1594 se
1728 1534 1913 1592 matri-

91 1630 273 1689 monio
313 1631 657 1710 copularunt.
708 1631 857 1700 Quos
899 1631 956 1687 in
997 1643 1228 1711 utraque
1270 1643 1427 1710 parte
1470 1629 1746 1689 adulteros
1789 1649 1912 1688 esse

93 1725 441 1785 manifestum
471 1739 573 1785 est.
611 1726 714 1796 Qui
746 1747 873 1786 vero
900 1725 987 1785 vel
1016 1747 1182 1784 uxore
1221 1725 1441 1785 vivente
1460 1772 1472 1796 ,
1520 1725 1774 1806 quamvis
1803 1724 1915 1784 dis-

87 1821 358 1879 sociatum
397 1821 651 1880 videatur
691 1843 815 1880 esse
855 1821 1200 1900 coniugium,
1240 1822 1311 1880 ad
1345 1820 1513 1880 aliam
1554 1819 1807 1901 copulam
1835 1820 1915 1880 fe—

95 1915 394 1986 stinarunt,
445 1938 625 1997 neque
667 1928 900 1997 possunt
946 1915 1179 1974 adulteri
1228 1937 1339 1974 non
1387 1915 1630 1975 videri.»
1660 1915 1722 1973 In
1754 1915 1913 1975 cuius

98 2009 173 2067 rei
219 2010 687 2069 confirmationem
730 2010 951 2069 adducit
985 2009 1152 2069 verba
1189 2009 1394 2070 Christi
1430 2010 1649 2070 Domini
1684 2032 1749 2069 ex
1779 2011 1916 2069 Mat-

90 2103 174 2161 th.
193 2105 334 2162 XIX.
360 2107 414 2162 9.
446 2107 672 2183 (147).»
694 2106 861 2175 Quia,
889 2117 949 2163 ut
970 2105 1101 2163 alibi
1125 2105 1312 2165 subdit
1341 2105 1495 2165 «fide
1515 2105 1784 2166 catholica
1807 2105 1917 2165 suf—

93 2198 409 2278 fragante...
430 2213 754 2261 conventum
786 2201 1063 2261 secundae
1092 2202 1366 2273 mulieris,
1403 2202 1584 2283 priore
1621 2201 1913 2282 superstite

90 2315 189 2352 nec
209 2294 440 2354 divortio
462 2296 651 2366 eiecta,
674 2296 824 2356 nullo
848 2311 1006 2377 pacto
1029 2319 1192 2378 posse
1215 2318 1340 2357 esse
1361 2297 1665 2376 legitimum
1682 2299 1732 2374 (1
1747 2298 1907 2374 48).»

209 2388 555 2471 Quapropter
597 2390 748 2449 filum
799 2391 1109 2451 traditionis
1157 2392 1492 2451 christianae
1546 2392 1777 2452 insecuti
1827 2413 1914 2452 ro-

92 2484 238 2540 mani
280 2485 565 2564 pontifices
609 2485 857 2545 eiusdem
900 2487 1157 2546 custodes
1187 2509 1250 2546 ac
1280 2488 1563 2559 vindiceS,
1612 2509 1912 2569 numquam

94 2577 244 2654 passi
287 2591 413 2637 sunt
454 2580 823 2661 polygamiam
868 2582 1091 2663 impune
1127 2583 1268 2642 inter
1303 2583 1634 2644 christianos
1685 2584 1906 2654 induci,

95 2670 192 2728 sed
232 2692 350 2729 eam
395 2686 669 2755 tamquam
712 2676 819 2755 legi
863 2678 1213 2757 evangelicae
1243 2691 1295 2736 et
1323 2678 1654 2759 apostolicae
1697 2691 1912 2738 contra-

96 2764 230 2821 riam
274 2787 489 2845 semper
528 2770 759 2828 execrati
805 2784 951 2829 sunt.
988 2774 1123 2830 Nam
1161 2772 1417 2830 Nicolaus
1462 2773 1505 2830 Ι.
1542 2772 1612 2831 ad
1653 2772 1914 2832 Consulta

94 2858 477 2937 bulgarorum:
520 2862 747 2934 «Duas,
789 2863 997 2944 inquit,
1039 2876 1279 2945 tempore
1320 2888 1431 2925 uno
1470 2866 1673 2926 habere
1715 2888 1910 2927 uxores

96 2973 194 3010 nec
214 2953 337 3032 ipsa
360 2956 512 3034 origo
544 2956 816 3016 humanae
847 2959 1175 3018 conditionis
1214 2960 1482 3032 admittit,
1519 2984 1620 3021 nec
1649 2961 1735 3022 lex
1764 2963 1911 3021 chri-

93 3047 392 3107 stianorum
439 3050 551 3109 ulla
592 3052 853 3130 permittit
881 3055 1036 3132 (149)
1055 3080 1104 3111 .»
1135 3055 1201 3113 Et
1230 3057 1579 3117 Innocentius
1605 3058 1701 3116 ΙΙΙ.
1729 3058 1913 3117 decla-

94 3142 229 3200 ravit
272 3142 456 3223 plures
502 3144 662 3203 simul
720 3146 950 3206 retinere
993 3170 1188 3209 uxores
1231 3150 1485 3210 absonum
1526 3174 1667 3222 esse,
1716 3166 1765 3211 et
1806 3154 1912 3211 ini-

214 3341 319 3391 (146)
346 3345 408 3381 De
434 3346 558 3395 nupt.
580 3346 620 3383 et
646 3354 823 3395 concup.
848 3344 916 3384 lib.
936 3347 966 3385 1.
988 3356 1075 3397 cap.
1092 3348 1142 3386 X.
1161 3358 1201 3387 n.
1225 3353 1284 3388 11.
1305 3347 1369 3389 ed.
1388 3350 1516 3389 Maur.

207 3407 313 3455 (147)
340 3408 463 3457 Epist.
484 3410 553 3449 IV.
575 3408 626 3448 ad
646 3411 816 3460 Exuper.
839 3421 875 3450 c.
897 3417 934 3451 6.
950 3411 1056 3463 apud
1074 3414 1268 3453 coustant
1286 3414 1365 3454 col.
1387 3417 1473 3455 794.

208 3471 314 3521 (148)
339 3473 464 3523 Epist.
482 3479 520 3515 9.
538 3475 715 3514 xxxvl.
736 3474 784 3513 ad
811 3475 996 3514 Probum.
1018 3476 1118 3516 lbid.
1138 3477 1214 3516 col.
1238 3481 1326 3519 910.

214 3537 318 3585 (149)
344 3539 440 3588 Cap.
461 3544 524 3578 51.
