2320 4030
392 183 463 240 82
693 201 792 240 Lm.
827 199 903 238 ιη.
936 197 1079 236 secr.
1113 196 1149 235 ι.
1184 197 1247 235 nn
1280 196 1438 235 mirra.
1470 195 1673 238 cnmsr.
1705 198 1948 241 omum,

378 312 519 358 stum
543 310 820 368 vocasset,
846 308 1009 378 prout
1030 294 1237 356 vdicitur
1267 296 1337 354 de
1364 295 1687 379 polygamia
1712 298 2072 372 simultanea,
2098 300 2263 361 adeo-

389 420 498 479 que
540 419 604 454 ex
650 394 758 453 hoc
804 393 927 476 ipso
974 406 1126 453 textu
1171 407 1325 476 patet
1360 394 1590 476 nuptias
1636 396 1916 455 secundas
1956 398 2267 480 permissas

380 493 589 562 fuisse,
628 511 729 549 nec
772 512 944 571 posse
989 513 1090 573 per
1127 513 1255 550 sese
1291 491 1585 550 damnari:
1624 504 1869 551 attamen
1917 494 2016 574 qui
2062 516 2264 554 secun-

379 589 481 647 das
526 588 754 668 nuptias
798 587 993 648 ineunt
1030 586 1417 667 Athenagoras
1469 588 1750 669 improbat
1793 589 1944 671 quod
2008 589 2119 671 ipsi
2178 590 2267 648 di-

381 683 615 745 scedant
662 683 733 742 ab
784 705 850 743 ea
894 683 1235 743 matrimonii
1287 683 1522 757 ratione,
1568 705 1738 766 quarn
1783 685 1937 743 Deus
1989 685 2061 744 ab
2104 686 2300 746 initio,

380 779 731 851 institueram
777 780 912 839 dum
955 780 1182 839 unicam
1228 779 1383 838 Adae
1433 802 1663 840 uxorem
1711 781 1964 841 condidit
2015 795 2069 841 et
2114 782 2264 864 quod

378 877 585 959 prioris
629 877 838 938 vinculi
874 876 1031 937 obliti
1069 877 1384 937 videantur.
1426 876 1595 937 Nulla
1633 878 1806 957 igitur
1836 879 2141 939 sufficienti
2175 902 2267 939 ra-

379 975 530 1035 tione
588 974 977 1034 Tillemontius
1034 974 1359 1056 suspicatus
1421 987 1508 1033 est
1557 973 1971 1056 Athenagoram
2034 976 2146 1036 hac
2198 976 2270 1035 de

378 1094 551 1132 causa
589 1072 989 1132 montanistica
1025 1071 1153 1132 labe
1190 1072 1458 1131 infectum
1497 1072 1646 1150 (25).
1682 1071 1832 1143 Quin
1865 1074 2053 1156 potius
2084 1073 2270 1136 innuit

379 1167 577 1228 saltem
624 1167 897 1227 indirecte
939 1190 1130 1228 veram
1172 1167 1447 1227 ecclesiae
1489 1167 1805 1228 doctrinam
1858 1171 2007 1247 (26).

501 1266 557 1323 S.
595 1265 864 1325 Irenaeus
896 1266 1107 1347 pariter
1150 1265 1432 1325 secundas
1472 1278 1527 1324 et
1570 1264 1869 1324 ulteriores
1912 1266 2142 1348 nuptias
2189 1289 2271 1327 re-

379 1361 653 1444 probasse
699 1362 857 1422 visus
902 1376 987 1422 cst
1031 1362 1166 1421 dum
1198 1361 1393 1421 scribit
1430 1361 1874 1421 «Samaritanae
1905 1361 1987 1420 illi
2034 1385 2271 1445 praeva-

379 1459 659 1530 ricatrici,
704 1481 851 1541 quae
883 1460 939 1517 in
972 1482 1084 1519 uno
1129 1459 1248 1520 viro
1287 1481 1397 1519 non
1445 1459 1689 1531 mansit,
1729 1459 1830 1519 sed
1867 1459 2141 1520 fornicata
2178 1474 2269 1520 est

379 1557 435 1614 in
482 1556 674 1615 multis
708 1557 921 1638 nuptiis
974 1559 1163 1636 (27).»
1195 1557 1298 1617 Ast
1328 1579 1416 1616 res
1455 1569 1541 1616 est
1575 1556 1819 1616 maxime
1849 1555 2090 1629 incerta,
2136 1577 2265 1616 cum

379 1653 533 1712 iuxta
577 1652 879 1712 nonnullos
918 1665 1108 1734 patres
1138 1666 1192 1712 et
1226 1654 1562 1734 interpretes
1595 1653 1849 1735 quinque
1894 1654 2111 1734 priores
2154 1652 2262 1714 viri

382 1749 586 1808 fuerint
639 1749 872 1829 legitimi
922 1750 1083 1827 (28),
1129 1749 1284 1808 iuxta
1328 1749 1470 1810 alios
1516 1751 1648 1809 vero
1691 1748 1967 1821 adulteri,
2023 1770 2123 1808 seu
2169 1749 2275 1809 for-

384 1846 622 1917 nicarii,
664 1846 741 1904 ita
793 1858 854 1904 ut
900 1845 996 1903 illa
1042 1846 1097 1902 in
1153 1845 1471 1905 meretricio
1516 1858 1757 1927 quaestu
1801 1867 1865 1904 ac
1909 1844 2147 1903 libidine
2188 1844 2274 1905 vi·-

391 1944 568 2015 xerit,
609 1966 710 2002 seu
743 1942 814 2000 ab
847 1941 959 2001 illis
1006 1943 1302 2024 repudiata
1348 1943 1515 2003 suerit
1557 1945 1705 2023 (29).
1746 1943 2109 2025 Quapropter
2146 1941 2275 2001 ideo

389 2063 435 2099 s,
476 2042 742 2100 Irenaeus
790 2039 1021 2119 scripsit
1057 2038 1387 2098 fornicatam
1420 2040 1829 2099 Samaritanam
1861 2040 1919 2097 in
1950 2037 2146 2098 multis
2177 2061 2274 2097 nu-

389 2137 559 2219 puis,
599 2158 709 2196 non
756 2135 907 2217 quod
954 2135 1237 2193 censuerit
1281 2134 1609 2214 illegitimas
1652 2137 1962 2215 generatim
2008 2157 2137 2195 esse
2184 2157 2275 2194 se-

387 2234 604 2294 cundas
635 2247 688 2293 et
718 2233 1011 2292 ulteriores
1038 2232 1291 2313 nuptiaS,
1323 2232 1423 2291 sed
1462 2233 1612 2314 quod
1643 2233 1967 2312 illegitimas
2000 2255 2065 2292 ac
2097 2231 2274 2291 forni-

384 2331 567 2390 carias
599 2329 1004 2389 existimaverit
1027 2328 1357 2389 nominatim
1384 2327 1565 2388 fuisse
1589 2350 1733 2410 quas
1759 2328 1855 2387 illa
1879 2328 2085 2387 inierat
2116 2330 2267 2407 (30).

514 2429 606 2487 Sic
659 2428 828 2487 etiam
874 2427 1040 2509 quasi
1089 2426 1465 2509 improbantis
1500 2426 1577 2486 uti
1618 2425 1941 2505 illegitimas
1993 2425 2276 2484 secundas

390 2526 617 2609 nuptias
663 2525 865 2585 Iustini
904 2525 1134 2584 effatum
1177 2524 1318 2584 solet
1348 2525 1406 2583 in
1440 2523 1687 2583 medium
1739 2523 1964 2583 afferri:
2008 2547 2035 2578 «
2067 2522 2275 2592 Quem—

390 2622 696 2683 admodum
754 2622 922 2682 etiam
975 2622 1072 2704 qui
1126 2645 1192 2681 ex
1247 2622 1369 2702 lege
1412 2622 1663 2681 humana
1710 2621 2019 2700 digamiam
2075 2619 2274 2679 ineunt

510 2786 592 2838 (25)
623 2787 852 2827 Memoires
877 2796 995 2838 pour
1014 2788 1158 2826 servir
1179 2785 1207 2826 ὰ
1237 2785 1369 2825 l'ht'st.
1393 2784 1542 2825 eccles.
1568 2786 1666 2825 tom.
1690 2786 1739 2824 Π.
1771 2785 1991 2824 persecut.
2017 2793 2118 2823 sous
2160 2781 2275 2822 l’em·

382 2864 545 2904 peram·
583 2857 708 2895 Marc
732 2853 883 2894 Aurel.
906 2855 992 2893 not.
1018 2856 1087 2894 IX.
1108 2865 1147 2905 p.
1176 2858 1265 2893 323.

510 2919 593 2971 (26)
618 2921 682 2961 Cf.
714 2923 872 2962 Mai-an.
906 2920 949 2961 in
978 2923 1063 2962 not.
1094 2920 1147 2962 ad
1177 2922 1218 2962 h.
1251 2922 1329 2961 loc.

510 2989 593 3040 (27)
622 2988 712 3029 Lib.
730 2991 805 3028 ΙΙΙ.
839 2990 964 3029 cont.
984 2989 1151 3029 haeres.
1174 3000 1263 3039 cap.
1285 2990 1412 3027 xvu.
1436 2987 1500 3028 ed.
1525 2986 1716 3027 Massueti
1736 2985 1836 3026 alias
1860 2987 1967 3026 xlx.
1998 2995 2038 3023 n.
2073 2991 2110 3025 2.

510 3054 593 3106 (28)
623 3055 686 3094 Cf.
717 3055 907 3095 Toletum
934 3054 975 3093 in
1007 3054 1049 3094 h.
1083 3054 1161 3094 loc.

510 3121 593 3173 (29)
622 3121 686 3162 Cf.
718 3120 944 3161 Maldonat.
964 3122 1004 3161 et
1018 3120 1191 3161 calmet.

517 3187 603 3239 (30)
629 3189 762 3238 Atque
792 3187 847 3227 ita
864 3187 1033 3238 exponit
1052 3187 1152 3227 haec
1179 3197 1212 3227 s.
1236 3186 1392 3227 Irenaei
1421 3185 1544 3226 verba
1572 3185 1867 3225 Fevardentius
1894 3184 2034 3225 dicens
2063 3186 2203 3225 annot.
2229 3185 2272 3224 in

386 3257 495 3296 hunc
522 3257 601 3297 loc.
629 3271 648 3290 «
670 3257 760 3296 Non
782 3255 984 3296 secundas
1010 3255 1075 3295 vel
1107 3255 1249 3295 tertias
1289 3254 1458 3294 damnat
1485 3252 1671 3304 nuptias:
1693 3252 1764 3293 sed
1793 3253 2020 3292 multorum
2050 3251 2271 3292 adulterio-

392 3335 481 3364 rum
502 3334 615 3364 ream
634 3323 922 3364 Samaritidem
943 3322 1151 3374 intelligit.
1177 3339 1195 3357 »
1217 3325 1358 3373 Neque
1379 3321 1526 3361 abhoc
1553 3331 1673 3361 sensu
1704 3320 1864 3360 abludit
1888 3319 2080 3360 Grabius.
2109 3320 2160 3359 Et
2178 3329 2278 3358 sanc

391 3389 601 3442 quomodo
635 3390 839 3442 potuisset
865 3401 898 3430 s.
926 3392 1118 3430 Irenaeus
1156 3389 1352 3429 damnare
1387 3388 1427 3427 in
1470 3386 1725 3427 Samaritana
1761 3385 2033 3438 polygamiam
2074 3385 2271 3424 successi-

393 3467 488 3497 vam
530 3460 623 3498 ante
655 3457 1026 3509 promulgationem
1053 3457 1155 3507 legis
1183 3456 1467 3507 evangelicae,
1502 3466 1596 3494 cum
1628 3454 1668 3493 in
1701 3454 1828 3494 veteri
1862 3454 1954 3493 test.
1980 3452 2273 3493 concederetur

394 3523 515 3563 etiam
544 3525 772 3576 polygamia
799 3524 1068 3564 sim-inance?
