2320 4030
467 279 579 317 cn.
606 280 642 317 1.
672 279 736 317 DE
762 276 1048 317 POLYGAfflA
1090 274 1432 315 SIMULTANEA.
1464 275 1578 314 ΛΒΤ.
1606 275 1660 314 11.
1907 255 1979 312 27

152 396 346 434 uxores
371 374 510 432 duas
534 374 761 432 alteram
791 372 1048 431 dilectam
1070 383 1124 429 et
1145 371 1370 430 alteram
1401 371 1651 431 odiosam
1671 371 1979 449 etc.(58).»

154 469 313 539 Quod
337 469 541 529 clarius
564 468 745 527 adhuc
768 479 916 547 patet
937 487 1003 525 ex
1028 465 1119 535 iis,
1149 486 1292 546 quae
1316 465 1462 525 idem
1486 465 1771 546 legislator
1786 467 1988 526 consti-

156 566 257 624 tuit
298 565 367 623 de
405 564 626 644 regibus
650 611 662 633 ‚
708 562 914 644 quibus
959 560 1122 619 unice
1177 581 1466 620 excessum
1510 562 1567 620 in
1609 583 1842 622 uxorum
1884 584 1989 622 nu-

156 684 303 721 mero
333 683 472 742 quas
510 660 709 718 ducere
740 670 968 738 possent
1008 655 1293 716 interdixit
1324 656 1416 716 his
1443 656 1667 718 verbis:
1693 658 1862 719 «Non
1892 658 1990 718 ha-

155 757 307 816 bebit
362 762 380 834 (
409 758 548 833 rex)
603 776 796 814 uxores
850 755 1119 835 plurimas
1151 799 1167 823 ‚
1230 774 1373 834 quae
1437 752 1682 813 alliciant
1742 754 1989 813 animum

156 853 278 912 eius
328 854 472 930 (59).
500 874 527 907 »
569 849 724 908 Hanc
779 848 1237 909 consuetudinem
1287 870 1459 930 penes
1514 848 1670 907 illum
1723 849 1989 931 populum

156 969 335 1029 usque
376 946 447 1005 ad
485 945 822 1028 reipublicae
863 945 1142 1004 interitum
1177 959 1293 1004 tum
1324 956 1579 1025 respectu
1614 945 1951 1026 privatorum
1975 994 1987 1018 ‚

158 1055 272 1101 tum
316 1055 568 1123 respectu
609 1041 853 1101 virorum
900 1039 1215 1121 principum
1259 1040 1507 1119 „viguisse
1550 1038 1804 1100 novimus
1839 1042 1985 1119 (60).

157 1136 316 1208 Quod
360 1158 491 1197 vero
530 1137 723 1197 attinet
763 1135 834 1196 ad
871 1136 1010 1196 alios
1052 1134 1287 1217 populos
1327 1135 1447 1196 sive
1490 1134 1787 1196 orientales
1831 1157 1993 1218 prae-

159 1233 380 1304 sertim,
428 1233 547 1292 sive
586 1232 752 1291 etiam
793 1230 1200 1301 occidentaleS,
1244 1252 1333 1291 res
1373 1244 1460 1291 est
1498 1229 1822 1303 notissima,
1857 1230 1997 1292 adeo

160 1339 219 1386 ut
263 1326 426 1408 longe
481 1326 697 1386 facilius
738 1327 811 1386 sit
853 1348 948 1387 eos
993 1347 1282 1386 recensere
1340 1347 1512 1408 penes
1564 1347 1708 1408 quos
1758 1325 1999 1386 obtinuit

161 1423 508 1501 monogamia
529 1471 542 1494 ,
568 1444 736 1505 quam
764 1443 861 1493 eos
881 1423 976 1504 qui
1000 1422 1374 1504 polygamiam
1411 1434 1541 1483 sunt
1569 1421 1795 1494 sectati,
1831 1421 2000 1504 idque

162 1541 193 1576 a
215 1518 596 1578 remotissimis
619 1517 958 1599 temporibus
980 1565 992 1589 ,
1021 1517 1299 1600 siquidem
1331 1515 1651 1600 polygamia
1672 1538 1706 1575 a
1730 1517 2000 1578 noachica

165 1635 303 1694 pene
342 1627 518 1673 aetate
554 1614 753 1695 coepit.

201 1772 204 1774 ,
279 1709 362 1769 De
393 1710 668 1792 aegyptiis
705 1711 931 1791 quidem
956 1711 1118 1770 refert
1140 1710 1451 1770 Herodotus
1473 1731 1568 1770 eos
1592 1709 1999 1790 monogamiam

163 1804 403 1864 coluisse
435 1806 714 1865 scribens:
748 1806 1198 1887 «Unusquisque
1234 1806 1457 1866 nonnisi
1489 1827 1659 1865 unam
1687 1827 1913 1866 uxorem
1942 1806 2000 1865 in

163 1900 510 1961 matrimonio
546 1901 713 1962 habet
741 1904 885 1962 sicut
913 1902 1095 1981 graeci
1125 1904 1245 1980 (61)
1263 1926 1313 1959 .»
1347 1901 1448 1961 Ast
1468 1901 1746 1962 Diodorus
1790 1902 2002 1962 siculus

163 2008 393 2056 testatur
443 1997 499 2055 id
543 2019 713 2078 penes
760 1997 910 2058 solos
965 1997 1280 2057 sacerdotes
1333 1997 1617 2077 viguisse,
1684 1997 1825 2058 alios
1874 2019 2005 2060 vero

162 2105 432 2174 quotquot
470 2094 709 2176 quisque
746 2093 911 2154 vellet
951 2093 1212 2153 mulieres
1253 2095 1311 2152 in
1354 2094 1765 2154 matrimonium
1811 2094 2006 2155 duxis-

165 2209 227 2247 se
254 2187 844 2266 (62).Atheniensibus
868 2211 901 2248 a
917 2188 1159 2271 Cecrope
1179 2189 1405 2249 vetitam
1429 2189 1806 2271 polygamiam
1829 2203 2007 2250 osten-

165 2282 247 2341 dit
264 2282 471 2343 Petitus
496 2286 615 2362 (63)
631 2332 643 2355 ,
667 2296 827 2365 prout
854 2283 924 2342 de
946 2285 1125 2343 Numa
1152 2284 1401 2366 idipsum
1433 2297 1712 2344 statuente
1741 2285 1899 2344 testis
1922 2299 2007 2346 est

170 2378 358 2438 Festus
386 2381 440 2457 (6
453 2375 533 2457 4).
562 2381 644 2441 Ita
674 2379 745 2439 de
780 2379 1027 2462 antiquis
1066 2380 1348 2460 germanis
1382 2379 1576 2440 scribit
1604 2380 1825 2440 Tacitus
1856 2381 2005 2462 quod

170 2495 339 2555 prope
362 2474 463 2535 soli
485 2475 876 2547 barbarorum,
921 2475 1159 2555 singulis
1200 2475 1469 2538 uxoribus
1501 2477 1741 2537 contenti
1774 2477 2000 2548 fuerint,

291 2617 370 2666 (58)
397 2619 514 2656 neut.
534 2620 641 2658 xm.
667 2624 726 2658 15.

290 2682 371 2731 (59)
395 2684 512 2723 Deut.
536 2685 663 2724 xvu.
690 2688 747 2724 17.

293 2746 373 2797 (60)
399 2750 458 2788 De
483 2748 722 2788 Iudaeorum
750 2750 975 2801 polygamia
993 2751 1046 2790 cf.
1062 2751 1331 2801 Heidegerum
1350 2751 1391 2790 in
1417 2752 1612 2791 Historia
1630 2749 2008 2802 patriarcharum,

170 2812 385 2853 seldenum
424 2815 541 2853 Uxor
567 2812 754 2855 hebraea
783 2816 854 2855 lib.
886 2818 916 2856 1.
942 2828 978 2855 c.
1002 2822 1041 2856 9.
1066 2806 1359 2857 Montacutium
1386 2816 1429 2856 in
1457 2818 1686 2869 Apparacu
1718 2828 1759 2868 p.
1792 2822 1861 2858 193
1892 2827 2006 2869 seqq.

177 2877 417 2928 ‘'Friglandus
447 2880 622 2919 ostendit
652 2882 827 2921 Karaeos
851 2892 921 2921 seu
948 2883 1134 2922 Karaitas
1153 2882 1265 2922 nullo
1291 2893 1459 2922 numero
1478 2882 1726 2934 adstringere
1742 2882 2009 2933 polygamiam

178 2943 217 2981 in
234 2954 298 2994 op.
323 2945 384 2983 De
410 2948 528 2985 secta
554 2943 812 2987 ltaraeorum
837 2958 878 2998 p.
906 2950 975 2988 147
996 2958 1110 2998 seqq.
1129 2948 1279 2988 Contra
1298 2958 1394 2987 vero
1412 2947 1715 2988 rabbanitarum
1734 2950 1842 2989 secta
1853 2948 1905 2988 ad
1922 2959 2014 2999 qua-

174 3011 266 3049 tuor
291 3020 437 3050 uxores
468 3010 719 3061 coarctabat,
750 3013 795 3050 ut
820 3012 941 3052 refert
972 3013 1249 3063 Lighplxootus
1273 3013 1314 3052 in
1336 3015 1466 3054 Horis
1495 3013 1614 3054 hebr.
1634 3015 1674 3055 et
1707 3013 1936 3054 Thalmud.
1958 3015 2009 3054 ad

175 3075 315 3115 matth.
337 3077 387 3115 V.
409 3081 471 3116 31.

292 3141 373 3192 (61)
400 3142 504 3181 Hist.
529 3142 667 3182 1ib.11.
687 3142 869 3194 §.92.ed
900 3145 1151 3195 Argentorat.
1171 3151 1287 3196 1816.
1310 3148 1411 3186 tom.
1434 3147 1465 3186 1.
1482 3156 1573 3198 pag.
1599 3151 1686 3187 363.

292 3207 372 3258 (62)
399 3208 487 3248 Lib.
509 3211 540 3249 Ι.
561 3212 658 3250 sect.
678 3212 710 3250 1.
729 3221 770 3251 n.
793 3217 838 3252 21
861 3221 973 3263 seqq.
993 3211 1058 3252 ed.
1076 3212 1276 3252 Dindortii
1298 3213 1423 3253 Paris.
1445 3213 1567 3254 Firm.
1585 3213 1709 3254 Didot
1735 3218 1845 3255 1842.

291 3274 372 3325 (63)
398 3274 465 3316 Ad
485 3274 596 3326 leqes
615 3279 795 3329 atticas,
818 3289 907 3330 pag.
924 3281 1014 3320 434.
1036 3281 1222 3320 Attamen
1240 3290 1289 3319 ex
1309 3282 1356 3319 A.
1372 3279 1503 3320 Gellio
1523 3281 1729 3322 Noctium
1747 3282 1985 3322 atticarum
1999 3312 2009 3330 ,

171 3340 289 3381 lib.1.
311 3353 349 3382 c.
373 3346 433 3383 17.
455 3345 496 3384 et
518 3343 588 3384 lib.
604 3345 692 3386 XV.
707 3354 745 3386 c.
766 3344 909 3386 20.ed.
930 3344 1055 3386 Oiscli
1076 3344 1204 3396 Lugd.
1223 3347 1362 3386 Batav.
1386 3352 1493 3387 1656.
1515 3348 1700 3400 exempla
1718 3347 1920 3387 contraria
1941 3348 2008 3388 lia-

173 3407 327 3449 bemus.

290 3474 371 3524 (64)
399 3477 443 3515 In
473 3475 622 3517 Pellem:
648 3477 754 3528 apud
782 3481 811 3518 Α
846 3477 1074 3518 Fabricium
1103 3478 1400 3531 Biblioqraph.
1423 3483 1645 3532 antiquar.
1664 3492 1752 3532 cap.
1772 3482 1856 3520 xx.
1882 3481 2003 3532 Poly-

174 3549 329 3588 qvamta.
