2320 4030
454 335 565 374 ων.
597 337 630 374 ι.
661 337 725 374 ΒΕ
758 334 1042 375 rochmA
1073 310 1412 374 mmmmm.
1443 333 1556 373 Am.
1578 332 1654 372 111.
1895 313 1963 370 43

139 446 333 491 natura
376 433 628 490 concedit.
678 431 769 490 lus
818 429 1019 510 prioris
1067 430 1286 507 generis
1346 430 1579 490 habetur
1623 442 1702 489 utv
1726 427 1969 486 medium

140 528 515 586 necessarium
563 527 660 585 fini
703 524 1034 594 obtinendo,
1082 545 1248 605 quem
1292 538 1488 584 natura
1530 525 1656 606 ipsa
1702 524 1965 594 intendit;

139 635 197 681 ut
230 623 469 681 medium
510 643 639 681 vero
682 642 791 680 non
832 620 1055 679 omnino
1097 620 1474 678 necessarium
1498 669 1510 691 ,
1557 634 1614 679 at
1651 620 1974 679 naturaliter

137 719 273 777 utile
295 719 381 778 ius
406 719 637 777 habetur
666 717 892 776 alterius
924 717 1160 796 generis.
1192 717 1308 774 Iam
1343 737 1474 775 vero
1512 717 1599 776 ius
1630 718 1776 798 quod
1807 716 1976 776 habet

139 814 368 872 maritus
412 812 734 894 possidendi
778 812 931 872 solus
974 833 1199 871 uxorem
1241 811 1328 869 ius
1371 824 1456 869 est
1498 811 1697 891 prioris
1740 811 1969 892 speciei,

139 908 272 987 quia
312 907 601 987 pluralitas
647 908 889 966 virorum
936 908 1211 967 contraria
1253 919 1339 965 est
1379 907 1717 985 generationi
1755 920 1808 966 et
1848 927 1975 988 pro-

140 1003 418 1082 pagationi
462 1004 679 1082 generis
721 1003 984 1075 humani,
1019 1026 1162 1085 quae
1196 1016 1282 1062 est
1316 1003 1446 1061 finis
1483 1002 1727 1080 coniugii
1769 1002 1976 1082 prima-

140 1098 256 1157 rius
286 1111 338 1157 et
359 1121 390 1157 a
414 1111 608 1158 natura
631 1099 892 1158 intentus
928 1099 1129 1160 Contra
1148 1121 1278 1159 vero
1301 1099 1388 1158 ius
1413 1098 1563 1179 quod
1586 1097 1754 1157 habet
1775 1098 1975 1157 mulier

140 1194 462 1273 possidendi
508 1195 625 1254 sola
667 1195 924 1253 maritum
967 1208 1053 1254 est
1100 1194 1327 1254 alterius
1372 1193 1614 1276 speciei,
1660 1193 1795 1274 quia
1841 1213 1977 1252 uxo·

142 1311 261 1346 rum
299 1289 588 1369 pluralitas
633 1289 730 1346 fini
774 1289 1035 1370 primario
1078 1289 1415 1348 matrimonii
1452 1288 1683 1347 minime
1725 1288 1979 1347 adversa-

141 1398 245 1443 tur.
286 1385 445 1454 Quod
475 1406 604 1444 vero
634 1386 826 1444 attinet
854 1385 925 1444 ad
956 1385 1095 1444 fines
1127 1385 1486 1444 secundarios
1506 1432 1518 1455 ,
1547 1384 1613 1455 ii,
1641 1383 1769 1442 licet
1790 1405 1972 1462 aegre,

140 1479 391 1539 absolute
432 1493 644 1550 tamen,
690 1502 815 1539 cum
856 1480 1113 1560 coniugio
1160 1481 1457 1563 polygamo
1499 1480 1805 1539 consistere
1848 1500 1979 1560 pos—

143 1588 290 1633 sunt.
322 1575 443 1644 Quo
477 1575 562 1646 fit,
599 1589 657 1634 ut
687 1598 823 1635 uxor
858 1576 1083 1658 quidem
1126 1575 1324 1635 cedere
1358 1575 1535 1657 possit
1577 1575 1684 1633 iuri
1715 1597 1846 1645 suo,
1882 1597 1978 1634 ne-

140 1684 308 1751 queat
349 1683 531 1729 autem
572 1673 825 1731 maritus.
875 1672 1019 1743 Quia
1074 1694 1201 1731 cum
1250 1673 1432 1751 agitur
1474 1671 1543 1730 de
1586 1672 1705 1730 iure
1749 1671 1974 1742 mariti,

142 1765 324 1842 agitur
343 1764 414 1822 de
436 1764 581 1824 bono
603 1779 851 1838 naturae,
880 1767 1103 1848 quando
1125 1781 1306 1826 autem
1329 1767 1401 1826 de
1421 1767 1541 1825 iure
1562 1767 1744 1846 agitur
1763 1766 1973 1836 uxoriS,

141 1860 325 1939 agitur
368 1861 721 1941 potissimum
757 1863 827 1922 de
868 1863 1014 1923 bono
1058 1884 1363 1944 personae3
1411 1862 1579 1934 hinc,
1619 1862 1730 1921 nisi
1765 1862 1853 1921 lex
1882 1883 1981 1943 po—

140 1956 303 2014 sitiva
325 1955 513 2037 aliqua
534 1956 745 2029 obstet,
785 1973 946 2040 prout
973 1959 1155 2019 obstat
1189 1958 1510 2038 evangelica
1532 2006 1544 2030 ,
1581 1971 1762 2040 potest
1787 1958 1982 2040 utique

141 2072 278 2109 uxor
319 2050 406 2110 ius
451 2073 613 2111 suum
658 2053 753 2111 alii
800 2054 1146 2135 participare.
1184 2054 1535 2136 Quapropter
1567 2052 1771 2135 duplex
1814 2054 1980 2113 etiam

141 2146 410 2226 distingui
454 2161 632 2228 potest
673 2148 1011 2231 polygamia,
1047 2151 1104 2208 in
1134 2173 1369 2231 quarum
1413 2150 1584 2210 altera
1623 2149 1862 2211 violatur
1891 2151 1979 2209 ius

142 2241 291 2321 quod
335 2244 630 2324 acquisivit
671 2267 809 2304 uxor
851 2246 1176 2326 possidendi
1221 2246 1341 2306 sola
1383 2247 1682 2317 maritum5
1730 2246 1879 2327 quod
1930 2246 1978 2305 si

145 2337 278 2408 fiat,
328 2338 642 2420 polygamia
684 2341 851 2400 etiam
894 2365 961 2401 ex
1003 2342 1123 2422 lege
1171 2343 1408 2402 naturali
1452 2343 1638 2403 evadit
1682 2342 1876 2401 illicita
1917 2364 1982 2401 ac

146 2432 377 2504 iniusta;
418 2434 588 2493 altera
623 2457 749 2495 vero
783 2437 840 2494 in
872 2460 984 2518 qua
1023 2460 1163 2498 uxor
1206 2452 1437 2519 sponte,
1489 2437 1642 2497 nulla
1677 2437 1981 2497 obsistente

147 2528 380 2606 positiva
401 2529 521 2609 lege
539 2579 551 2601 ,
580 2544 640 2590 ut
661 2531 869 2592 dictum
893 2548 1011 2605 est,
1043 2535 1148 2593 iuri
1174 2557 1277 2594 suo
1301 2535 1474 2606 cedit,
1501 2549 1554 2594 et
1575 2535 1714 2593 haec
1737 2547 1980 2615 spectato

151 2624 379 2682 naturali
424 2627 576 2698 iure,
623 2627 775 2687 licita
816 2630 1049 2690 evadere
1090 2644 1287 2712 potest.
1339 2630 1493 2690 Prior
1536 2630 1854 2711 polygamia
1893 2629 1979 2687 in-

151 2714 321 2795 telligi
366 2717 527 2778 debet
567 2721 827 2781 damnata
867 2725 1051 2783 verbis
1096 2725 1208 2784 illis
1241 2726 1551 2784 Geneseos:
1585 2737 1635 2782 et
1670 2724 1981 2782 adhaerebit

150 2813 315 2869 uxori
351 2834 477 2871 suae
501 2860 516 2883 ,
564 2827 613 2873 et
653 2830 806 2875 erunt
845 2818 948 2877 duo
989 2817 1244 2878 incarne
1285 2842 1413 2878 una.

271 2907 391 2977 Quo
429 2932 597 2968 sensu
630 2911 812 2992 reipsa
833 2935 898 2972 ea
919 2915 1175 2995 exposuit
1204 2938 1250 2974 S.
1282 2917 1359 2975 lo.
1389 2915 1817 2997 Chrysostomus
1846 2916 1980 2975 scri-

150 3002 319 3062 bens:
364 3005 491 3063 «Ea
540 3027 682 3086 quae
731 3007 802 3065 ab
845 3008 967 3089 ipso
1018 3023 1147 3069 sunt
1186 3011 1333 3070 dicta
1375 3011 1443 3070 de
1485 3033 1592 3071 non
1637 3011 1981 3092 repudianda

150 3119 314 3156 uxore
335 3146 346 3167 ,
381 3121 491 3158 non
522 3102 685 3160 modo
715 3124 823 3162 non
855 3118 1189 3184 repugnant,
1227 3128 1417 3165 verum
1455 3107 1619 3165 etiam
1655 3106 1818 3166 valde
1854 3129 1978 3166 cum

150 3194 339 3275 Moyse
380 3198 739 3269 conveniunt;
787 3201 1252 3259 considerandum
1296 3215 1477 3261 autem
1517 3215 1631 3273 est,
1677 3203 1826 3284 quod
1870 3224 1980 3262 non

150 3289 325 3348 solun]
370 3291 440 3350 ab
481 3293 729 3373 opificio,
783 3317 973 3353 verum
1031 3297 1194 3355 etiam
1238 3297 1309 3356 ab
1352 3298 1476 3378 ipso
1519 3311 1812 3379 praecepto
1856 3320 1982 3357 sen-

148 3386 374 3444 tentiam
419 3410 575 3446 suam
619 3390 959 3461 corroborat;
1009 3413 1118 3451 non
1161 3393 1307 3451 enim
1349 3394 1518 3464 dixit,
1554 3395 1686 3475 quia
1719 3393 1899 3453 virum
1931 3406 1983 3451 et

150 3479 430 3540 mulierem
472 3505 639 3542 unam
681 3484 1027 3545 solummodo
1070 3486 1227 3558 fecit,
1263 3509 1454 3547 verum
1491 3489 1657 3548 etiam
1695 3489 1827 3571 quia
1867 3489 1982 3547 ius-

150 3574 251 3643 sit,
281 3590 339 3634 ut
361 3600 504 3638 unus
534 3580 627 3636 uni
660 3580 1004 3658 coniugatur.
1031 3582 1175 3642 Nam
1207 3585 1259 3640 si
1289 3585 1542 3643 voluisset
1571 3587 1798 3644 alteram
1820 3587 1981 3644 etiam
