2320 4030
575 271 686 313 cir.
709 273 746 313 1.
765 273 830 313 nr
854 270 1139 314 rotro-Anu
1169 271 1512 313 amomum.
1539 270 1655 311 Aur.
1673 271 1711 311 1.
1993 254 2032 308 9

221 371 466 435 illicitam
496 370 652 451 prius
679 368 1065 451 'pronunciavit
1091 370 1198 447 (4);
1224 382 1416 450 postea
1433 388 1564 430 vero
1586 389 1708 428 eam
1736 375 1811 428 eoe'
1831 367 2034 449 requlis

218 466 396 525 decori
412 477 461 524 et
482 465 686 524 honesti
711 463 897 545 reiicit,
913 466 992 540 (5)
1007 510 1019 520 .
1045 463 1144 521 Ast
1166 474 1226 521 ut
1247 464 1452 544 optime
1473 464 1726 525 obser-'vat
1758 462 2036 523 Schwartz

222 559 446 619 reiicere
486 560 670 640 potius
711 567 780 616 ex
820 556 1022 637 requlis
1064 557 1198 615 iusti
1237 556 1524 617 debuisset
1550 562 1654 637 (6).
1794 635 1797 638 Ι

339 654 468 713 Iam.
493 674 623 714 vero
664 651 1046 734 polyandriam
1089 658 1198 711 nou
1239 651 1426 711 minus
1469 653 1656 714 divino
1697 653 1835 726 iuri,
1870 674 2038 734 quam

220 749 453 809 naturali
478 767 542 806 ac
563 746 754 807 sociali
776 745 1058 806 adversari
1080 746 1170 806 vix
1195 746 1519 826 probatione
1539 748 1786 827 indigere
1796 749 2033 809 videtur.

338 843 552 902 Etenim
576 842 724 924 quod
748 841 937 901 attinet
959 841 1029 900 ad
1051 841 1139 900 ius
1163 841 1412 901 divinum
1435 842 1632 900 exinde
1653 856 1866 903 constat
1893 841 2043 925 quod

219 938 478 1018 nuspiam
514 958 578 996 ac
610 959 911 1017 numquam
941 936 999 994 in
1028 936 1204 996 sacris
1236 935 1434 996 litteris
1469 936 1829 1018 polyandriae
1858 956 2042 997 exem—

219 1033 372 1114 plum
416 1032 590 1092 ullum
641 1031 903 1091 afferatur
929 1080 942 1104 ,
990 1032 1119 1092 licet
1170 1031 1514 1104 habeantur,
1549 1045 1626 1091 ‘ut
1675 1032 1988 1110 videbimus
2022 1080 2037 1105 ,

219 1126 468 1208 exempla
498 1126 864 1208 polygamiae.
907 1126 1166 1197 Quinimo
1194 1125 1492 1207 Apostolus
1521 1125 1772 1186 absolute
1801 1147 2046 1206 pronun-

218 1222 358 1281 ciat:
392 1221 660 1294 «Mulier,
702 1221 919 1281 vivente
957 1221 1107 1293 viro,
1154 1221 1440 1281 vocabitur
1479 1221 1761 1293 adultera,
1796 1221 1845 1281 si
1882 1221 2045 1280 fuerit

220 1339 344 1377 cum
367 1316 475 1376 alio
496 1316 645 1388 viro,
678 1318 825 1395 (7).»
854 1317 1110 1376 Excludit
1142 1317 1372 1398 proinde
1412 1317 1668 1398 quamvis
1690 1346 1692 1350 ’
1714 1338 1839 1377 cum
1879 1315 2047 1398 pluri-

218 1411 324 1472 bus
364 1411 500 1472 viris
543 1411 789 1471 mulieris
838 1412 1139 1492 legitimam
1182 1413 1641 1473 coniunctionem.

338 1507 419 1566 De
460 1507 578 1566 iure
619 1507 857 1567 naturali
880 1529 989 1567 non
1012 1521 1096 1569 est
1117 1507 1322 1589 pariter
1357 1508 1505 1590 quod
1546 1507 1722 1567 multa
1763 1507 2043 1580 dicamne,

222 1624 346 1661 cum
377 1615 562 1683 pateat
591 1602 974 1684 polyandriam
1011 1625 1316 1684 repugnare
1349 1603 1614 1683 primario
1643 1602 1884 1682 coniugii
1922 1601 2040 1660 fini.

222 1697 504 1778 Siquidem
548 1697 677 1757 finis
719 1697 1017 1778 primarius
1064 1698 1307 1778 coniugii
1347 1711 1432 1757 est
1473 1697 1777 1779 procreatio
1829 1696 2043 1779 proliS,

220 1804 383 1872 prout
422 1813 614 1851 omnes
657 1792 771 1851 fere
812 1791 1106 1851 admittunt
1150 1794 1256 1870 (8),
1295 1793 1527 1873 eiusque
1583 1804 1730 1851 recta
1776 1790 2051 1850 institutio

221 1908 330 1946 non
365 1887 550 1946 minus
587 1887 813 1947 moralis
856 1909 1020 1968 quam
1058 1887 1311 1968 physica.
1349 1887 1492 1946 Huic
1525 1900 1707 1946 autem
1738 1886 1834 1945 fini
1865 1898 2052 1967 aperte

219 1981 519 2062 opponitur
555 1980 914 2063 polyandria3
949 2003 1074 2040 cum
1104 2003 1203 2062 per
1230 1981 1469 2062 plurium
1510 1981 1752 2041 virorum
1794 2002 2053 2060 congres-

221 2098 345 2136 sum
374 2076 661 2136 hebetetur
688 2075 936 2136 mulieris
972 2076 1317 2137 foecunditas
1348 2079 1453 2155 (9),
1482 2089 1536 2136 et
1558 2077 1764 2136 incerta
1793 2075 2055 2135 reddatur

220 2171 431 2254 proles,
471 2172 721 2254 adeoque
762 2172 970 2231 incerta
1011 2173 1174 2232 etiam
1216 2172 1390 2254 patris
1434 2171 1505 2231 ad
1545 2194 1666 2232 eam
1708 2171 2053 2231 educandam

221 2267 504 2347 obligatio.
534 2267 670 2326 Cum
700 2267 868 2347 igitur
888 2267 985 2326 fini
1007 2267 1268 2349 primario
1304 2288 1369 2326 ac
1405 2267 1686 2327 essentiali
1715 2265 2049 2326 matrimonii

223 2375 487 2443 repugnet
515 2361 844 2443 polyandria
866 2409 878 2433 ‚
914 2360 1127 2420 nullum
1158 2383 1450 2444 superesse
1471 2361 1700 2422 dubium
1725 2373 1904 2444 potest
1932 2382 2052 2420 eam

223 2457 459 2517 naturali
511 2457 617 2516 iuri
662 2457 882 2539 penitus
924 2457 1228 2517 adversari.

343 2614 399 2664 (4)
427 2613 676 2666 Iurisprud.
697 2613 836 2655 divin.
856 2612 929 2654 lib.
944 2615 1015 2654 111.
1035 2624 1073 2654 c,
1093 2620 1131 2655 2.
1152 2625 1193 2654 n.
1212 2620 1287 2656 206
1301 2625 1415 2666 seqq.
1431 2616 1550 2655 Num.
1573 2625 1668 2654 vero
1690 2619 1779 2655 211.
1799 2614 1898 2653 haec
1916 2612 2053 2652 habet:

231 2694 250 2712 «ι
276 2679 519 2730 Polyviriam
554 2681 738 2720 intimum
773 2681 942 2731 gradum
982 2681 1168 2721 licentiae
1203 2681 1412 2731 obtinere,
1454 2682 1494 2721 et
1527 2679 1790 2732 prohibitioni
1832 2678 2056 2730 propiorem

229 2754 315 2784 esse
334 2755 454 2795 quam
474 2747 725 2798 praecepto.»
742 2747 867 2792 Quasi
894 2758 991 2787 vero
1022 2758 1104 2787 non
1135 2749 1239 2788 esset
1269 2747 1472 2796 absolute,
1497 2757 1545 2787 ac
1572 2747 1716 2786 natura
1741 2755 1814 2786 sua
1839 2744 2053 2795 prohibita.

348 2810 403 2859 (5)
430 2811 476 2849 In
493 2809 784 2850 Fundament.
805 2813 915 2851 iuris
933 2813 1083 2852 natur.
1102 2812 1177 2852 lib.
1198 2814 1270 2851 ΙΙΙ.
1292 2824 1329 2852 c.
1351 2818 1389 2852 2.
1409 2823 1450 2851 ιι.
1476 2817 1538 2853 36.

344 2877 399 2927 (6)
425 2878 574 2916 Instit.
595 2878 680 2917 tur
697 2876 824 2927 publ.
848 2879 1039 2917 univers.
1065 2880 1157 2917 nat.
1179 2879 1222 2917 et
1255 2880 1463 2928 qemi-,um
1485 2879 1628 2919 Venet.
1652 2881 1762 2919 1760.
1791 2888 1830 2928 p
1855 2879 1909 2918 11.
1932 2878 1996 2919 tit
2019 2880 2052 2919 1.

224 2944 287 2982 De
303 2943 426 2981 statu
449 2941 633 2982 hominis
656 2942 910 2983 adventitio.
932 2945 1051 2995 Resp.
1068 2945 1138 2984 IV.
1161 2954 1251 2995 pag.
1278 2950 1338 2984 13.

351 3009 406 3058 (7)
434 3011 551 3049 Rom.
578 3011 662 3049 Vll
686 3015 722 3049 3.

349 3073 403 3123 (8)
427 3074 519 3114 Dixi
532 3072 632 3123 sere
648 3084 791 3118 onmes
813 3073 1054 3127 admittunt;
1078 3087 1173 3116 nam
1196 3088 1277 3116 non
1297 3076 1534 3128 defuerunt,
1554 3077 1626 3128 qui
1657 3077 1719 3117 his
1738 3078 1862 3117 ferme
1883 3077 1998 3118 annis
2016 3076 2057 3116 id

228 3138 395 3178 inficiati
421 3138 502 3178 sint
529 3141 784 3181 autumantes
813 3141 1051 3192 primarium
1080 3143 1256 3193 coniugii
1278 3142 1396 3183 finem
1417 3143 1459 3182 in
1478 3145 1619 3183 mutua
1637 3143 1961 3184 constituendum
1978 3154 2063 3184 esse

227 3204 403 3244 amicitia
421 3206 462 3245 et
476 3205 680 3246 societate.
700 3209 887 3247 Attamen
905 3209 1136 3248 communis
1160 3203 1441 3260 theologorum
1469 3209 1689 3259 sententia,
1717 3221 1751 3250 s.
1766 3210 1920 3250 Thoma
1950 3218 2060 3260 prae·

229 3272 369 3321 eunte,
399 3272 627 3312 constanter
655 3272 733 3313 suit
754 3273 873 3314 finem
901 3274 1160 3326 praecipuum
1182 3275 1429 3315 matrimonii
1456 3287 1541 3316 esse
1566 3275 1719 3327 generis
1736 3276 1924 3326 humani,
1945 3274 2061 3315 adeo-

229 3347 307 3387 que
330 3337 455 3387 prolis
470 3367 482 3387 ‚
511 3338 837 3389 propagationem
856 3341 897 3380 et
913 3341 1245 3391 procreationem.

355 3404 411 3453 (9)
439 3403 501 3443 Cf.
528 3404 736 3455 Debreyne
763 3408 890 3446 Essai
914 3418 994 3447 sur
1020 3407 1066 3448 la
1093 3407 1300 3460 theoloqie
1319 3410 1497 3450 morale.
1518 3410 1632 3450 Paris
1656 3408 2058 3460 1843.111.part.§.3.

227 3469 297 3509 ubi
326 3469 432 3510 inter
463 3471 595 3511 cetera
624 3472 788 3512 scribit:
810 3489 829 3507 ιι
846 3476 909 3513 On
926 3476 1085 3525 compte
1107 3486 1156 3515 en
1180 3475 1361 3527 general,
1395 3477 1458 3517 dit
1483 3479 1616 3527 Marc,
1652 3476 1869 3516 deuxcents
1898 3475 2064 3515 semines

232 3534 467 3584 prostituees
495 3547 546 3577 ne
578 3536 840 3588 produisent,
874 3550 954 3589 que
984 3539 1089 3579 deux
1125 3551 1177 3579 ou
1211 3541 1310 3580 trois
1336 3541 1494 3582 ensauts
1525 3552 1596 3592 par
1623 3552 1715 3581 an.»
1735 3552 1775 3591 p.
1791 3546 1881 3581 221.
