2320 4030
425 340 538 379 ων.
570 340 627 379 ιι.
658 340 723 378 m:
756 338 1067 378 roncum.
1098 336 1425 380 succssssm.
1454 339 1571 379 ΛΒΤ.
1600 338 1638 378 1.
1894 320 1958 376 91

120 436 521 517 Capitularium
583 458 774 516 regum
827 436 1141 494 francorum
1193 457 1306 515 quo
1352 431 1703 496 decernitur:
1747 436 1971 496 «Nemo

122 533 302 614 usque
350 534 639 593 affinitatis
683 532 887 592 lineam
944 553 1011 591 ex
1064 531 1481 612 propinquitate
1534 533 1625 592 sui
1676 533 1970 613 sanguinis

122 629 402 688 connubia
445 630 634 701 ducat,
672 651 854 711 neque
882 623 1186 708 virqinibus
1216 626 1339 686 sine
1368 627 1756 688 benedictione
1786 622 1972 688 sacer-

123 725 297 796 dotis,
334 726 462 807 quis
506 725 715 784 nubere
755 736 1107 806 praesumat.
1139 771 1149 780 .
1179 734 1344 782 ,tunc
1374 723 1423 782 si
1451 725 1605 804 viv-90
1636 725 1801 785 fuerit
1842 747 1969 785 cum

126 821 511 882 benedictione
554 820 889 880 sacerdotis,
921 869 930 877 .
961 818 1246 879 ,ducenda
1268 832 1356 877 est
1378 839 1517 878 uxor
1543 814 1732 898 (54)‘,»
1752 814 1827 881 ex
1848 822 1975 903 qui-

123 917 230 977 bus
273 930 424 999 patet
457 938 552 976 eos
596 917 693 997 qui
736 917 933 975 iterum
965 914 1248 974 nubebant
1274 913 1662 974 benedictione
1692 910 1965 977 caruisse.

123 1015 191 1073 Et
237 1013 548 1073 Alexander
581 1014 678 1070 III.
714 1038 739 1068 «
771 1012 1169 1094 Cappellanum
1212 1033 1379 1092 quem
1414 1010 1803 1073 benedictione
1846 1035 1973 1072 cum

122 1108 370 1170 secunda
411 1109 718 1169 constiterit
758 1108 1072 1168 celebrasse
1093 1155 1105 1179 ‚
1140 1107 1211 1167 ab
1238 1107 1423 1167 officio
1458 1107 1846 1190 beneficioque
1878 1132 1975 1170 su-

123 1227 389 1286 spensum
427 1208 546 1283 (55)
575 1230 602 1260 »
633 1226 761 1263 esse
788 1203 1053 1264 declarat.
1081 1203 1226 1262 Hinc
1256 1202 1593 1263 Durandus:
1641 1227 1669 1259 «
1705 1205 1966 1285 Nuptiae,

123 1302 305 1383 inquit
326 1350 338 1372 ,
373 1301 788 1361 benedicendae
840 1313 970 1360 sunt
1015 1322 1049 1360 a
1100 1294 1387 1360 sacerdote
1433 1293 1559 1360 cum
1609 1300 1869 1382 precibus
1922 1314 1977 1363 et

125 1398 520 1458 oblationibus,
550 1398 935 1457 Verumtamen
965 1397 1051 1457 vir
1083 1409 1138 1456 et
1166 1396 1367 1456 mulier
1387 1397 1459 1455 ad
1490 1396 1795 1477 digamiam
1826 1411 1976 1457 tran—

122 1496 300 1566 sienS,
337 1495 751 1554 matrimonium
796 1494 1173 1555 contrahendo
1216 1515 1327 1554 non
1371 1493 1535 1553 debet
1565 1516 1599 1553 a
1628 1493 1973 1576 presbyteris

123 1590 375 1650 benedici
425 1594 614 1670 (56).»

238 1686 401 1768 Apud
445 1709 672 1766 graecos
704 1689 909 1768 pariter
944 1708 1056 1747 non
1086 1687 1495 1747 coronabantur
1524 1686 1768 1766 digami,
1805 1687 1969 1747 cuius

119 1784 198 1842 rei
247 1785 402 1842 testis
426 1797 513 1842 est
541 1785 647 1843 Leo
677 1783 912 1843 Allatius
945 1783 1106 1864 plura
1136 1783 1426 1864 proferens
1452 1783 1785 1843 documenta
1820 1786 1971 1863 (57).

118 1881 227 1938 Nos
267 1879 405 1938 alias
450 1878 737 1937 attulimus
791 1878 960 1939 verba
1005 1878 1280 1937 Theodori
1312 1878 1574 1937 ¹Studitae
1618 1880 1767 1957 (58).
1811 1878 1976 1939 Nice-

117 1973 325 2054 phorus
350 1975 517 2032 etiam
541 1974 858 2055 patriarcha
883 1972 1520 2054 constantinopolitanus
1545 1988 1734 2055 aperte
1757 1975 1972 2034 statuit:

126 2064 446 2149 «Digamus
484 2092 588 2127 non
626 2082 910 2128 coronatur
941 2070 1038 2129 sed
1082 2070 1280 2151 poenis
1312 2060 1564 2130 subiacet
1606 2072 1798 2148 (59).»
1826 2071 1974 2131 Usus

124 2178 302 2224 tamen
346 2178 540 2246 postea
584 2165 812 2225 inolevit
865 2164 922 2222 in
972 2165 1211 2224 ecclesia
1262 2166 1870 2247 constantinopolitana
1914 2181 1971 2227 ut

121 2274 311 2321 contra
336 2275 640 2321 ceterarum
666 2262 926 2322 Graeciae
949 2261 1314 2321 ecclesiarum
1347 2284 1555 2322 morem
1579 2276 1979 2323 coronarentur

124 2379 189 2416 ac
229 2357 694 2417 benedicerentur
736 2358 903 2417 etiam
945 2358 1189 2438 bigami,
1228 2371 1366 2418 teste
1409 2358 1602 2418 eodem
1634 2358 1837 2419 Allatio
1880 2359 1976 2441 qui

127 2453 336 2512 scribit:
352 2454 693 2513 «Ecclesiam
715 2453 919 2535 (ipsam
937 2457 1241 2531 constant.)
1260 2455 1500 2534 bigamis
1515 2455 1680 2513 etiam
1699 2455 1982 2536 sponsali-

129 2548 234 2606 tias
256 2570 486 2609 coronas
512 2551 843 2630 imponere»
866 2551 1000 2609 dum
1030 2575 1058 2607 «
1087 2551 1277 2611 Graeci
1301 2573 1494 2611 omnes
1518 2551 1624 2611 hoc
1649 2564 1915 2632 ternpore.
1934 2599 1971 2610 ..

132 2641 384 2719 digamos
413 2644 622 2725 ubique
652 2646 774 2705 sine
803 2647 919 2706 ulla
947 2647 1333 2707 benedictione
1356 2660 1622 2706 coronant
1650 2649 1809 2725 (60)»
1838 2647 1980 2708 Goa-

134 2736 247 2795 rius
280 2737 338 2794 in
368 2738 706 2819 Euchologio
734 2742 982 2802 officium
1012 2744 1386 2820 coronationis
1418 2743 1583 2802 etiam
1609 2765 1708 2824 pro
1736 2743 1978 2824 bigamis

135 2832 357 2893 exhibet
407 2836 552 2913 (61).
603 2836 800 2895 Verum
848 2850 909 2895 ut
951 2838 1416 2899 animadverterat
1457 2839 1668 2898 iamdiu
1706 2861 1752 2899 s.
1801 2839 1979 2901 Theo-

243 3013 325 3063 (54)
353 3015 398 3053 ln
430 3015 679 3067 capitulario
708 3026 787 3066 reg.
822 3017 948 3057 franc.
977 3028 1025 3057 ex
1051 3018 1115 3057 ed.
1147 3018 1300 3058 Baluzii
1329 3030 1417 3069 cap.
1453 3021 1664 3059 CLXXIX.
1686 3030 1776 3070 pag.
1802 3025 1913 3060 1063.

245 3082 326 3131 (55)
352 3083 430 3122 Tit.
460 3087 565 3123 XXI.
592 3087 650 3123 De
675 3085 876 3125 secundis
903 3087 1069 3136 nuptiis
1094 3086 1134 3124 in
1162 3085 1323 3125 decreto
1353 3085 1423 3125 lib.
1446 3087 1516 3125 IV.
1539 3096 1627 3137 cap.
1654 3094 1688 3128 1.

242 3148 324 3200 (56)
354 3152 398 3188 ln
428 3151 649 3191 Rationale
669 3151 736 3191 lib.
758 3154 789 3191 Ι.
812 3162 899 3202 cap.
921 3158 958 3192 9.
982 3152 1058 3191 Hic
1078 3153 1212 3192 autem
1227 3153 1444 3193 Durandus
1463 3154 1697 3205 permisceri
1720 3153 1863 3205 nequit
1883 3164 1976 3195 cum

134 3215 261 3255 altero
276 3216 469 3255 Durando
493 3217 680 3268 episcopo
701 3218 838 3257 Sancti
861 3217 1061 3257 Porciani.

242 3283 324 3331 (57)
351 3285 414 3322 De
444 3286 659 3334 perpetua
691 3287 981 3333 consensione,
1018 3284 1087 3324 lib.
1111 3287 1182 3325 111.
1202 3297 1291 3337 cap.
1314 3293 1372 3327 13.

240 3349 320 3399 (58)
348 3352 405 3388 Ex
429 3351 546 3401 epist.
568 3356 629 3391 51.
663 3351 734 3392 lib.
752 3355 789 3393 7.
810 3351 861 3392 ad
881 3353 1169 3403 Naum-atium,
1197 3364 1303 3404 quae
1332 3356 1418 3395 tota
1450 3356 1512 3395 est
1543 3355 1594 3395 de
1629 3354 1707 3395 hoc
1738 3354 1976 3404 argumento

129 3414 233 3467 apud
270 3417 532 3457 Sirmundum
556 3419 656 3458 tom.
678 3420 732 3458 V.

239 3481 320 3532 (59)
352 3483 471 3534 Apud
505 3484 697 3524 Allatium
732 3485 758 3524 Ι.
782 3496 818 3524 c,

237 3556 320 3606 (60)
345 3559 421 3608 Op.
438 3559 479 3597 ot
496 3557 523 3597 l.
544 3557 615 3598 cit.
635 3570 723 3609 pag.
753 3562 862 3601 1134.
889 3561 930 3600 et
958 3566 1068 3601 1136.

242 3623 322 3674 (61)
349 3627 442 3675 Pag.
477 3628 550 3666 403
568 3636 681 3677 seqq.
