2320 4030
402 299 513 339 etr.
543 299 578 337 1.
611 298 673 336 nn
706 296 986 335 POLYGAMIA
1016 294 1355 334 smummffl.
1386 293 1499 331 ΛΒΤ.
1531 293 1599 330 iv.
1853 272 1919 326 51

113 397 269 468 Quod
314 396 360 455 si
404 396 459 452 in
503 394 714 475 praxim
746 390 1014 450 eiusmodi
1047 389 1293 448 doctrina
1324 410 1430 448 non
1462 387 1750 446 deducitur
1801 387 1926 444 ideo

111 504 225 560 est,
274 490 420 570 quod
462 489 808 548 vehementer
848 483 1027 542 obstet
1069 484 1406 541 conscientia
1448 483 1779 552 christiana,
1828 503 1927 539 nec

112 606 287 644 mores
331 583 583 664 europaei
626 580 773 638 illam
816 578 1008 636 ferant.

229 679 424 737 Verum
465 676 612 756 quod
654 672 926 731 lutherani
968 672 1056 730 vix
1102 683 1499 750 permutarunt,
1552 694 1696 730 nunc
1734 673 1927 752 quovis

113 773 319 853 pudore
349 771 559 830 abiecto
588 767 1036 827 mormonitarum
1069 778 1216 825 secta
1258 778 1443 845 aperte
1484 767 1798 846 profitetur,
1834 789 1930 847 pa-

113 867 333 946 lamque
362 875 724 924 consectatur.
756 863 906 920 Nova
930 861 1065 919 haec
1087 871 1264 929 secta,
1301 881 1442 939 quae
1471 860 1736 938 originem
1768 861 1931 921 habet

113 984 146 1020 a
174 960 412 1040 quodam
448 957 683 1037 Iosepho
714 956 890 1014 Smith
919 956 975 1013 in
1006 954 1305 1036 provinciis
1338 954 1629 1013 foederatis
1653 955 1931 1015 Americae

114 1052 554 1136 septentrionalis
586 1074 675 1110 an.
700 1052 876 1109 1830.
899 1048 1250 1109 disseminari
1282 1049 1459 1129 coepit
1492 1049 1650 1126 (129)
1688 1050 1793 1108 sub
1836 1072 1933 1109 no-

115 1242 261 1282 latinus
291 1241 444 1291 praeter
468 1240 701 1279 Bossuetum
727 1238 802 1278 sub
828 1239 947 1278 finem
983 1238 1136 1277 lib.V1.
1161 1238 1270 1276 Hist.
1285 1236 1357 1277 des
1383 1238 1644 1285 variations,
1669 1237 1801 1276 Oudin
1822 1241 1931 1279 Hist.

113 1307 165 1347 de
185 1307 228 1347 la
249 1309 315 1347 vie
331 1305 383 1346 de
396 1305 571 1346 Luthcr.
591 1304 654 1344 ed.
671 1307 720 1344 V.
737 1304 848 1344 Paris
872 1307 980 1344 1845.
996 1304 1080 1343 tom
1106 1303 1175 1341 111.
1197 1303 1376 1342 ch.XX1.
1390 1304 1582 1353 Biqamie
1598 1302 1659 1342 du
1680 1303 1934 1354 Landqravc

111 1372 162 1413 de
182 1373 334 1420 Hesse,
354 1382 442 1423 pag.
466 1374 539 1411 443
557 1381 669 1421 seqq.
684 1370 834 1420 aliique
851 1370 1012 1420 passim.

229 1438 335 1489 (129)
362 1440 471 1477 Haec
497 1438 602 1477 secta
629 1436 740 1476 brevi
769 1447 955 1486 magnum
984 1436 1272 1475 incrementum
1299 1437 1472 1486 accepit,
1492 1437 1611 1486 prout
1632 1436 1752 1476 refert
1770 1437 1937 1487 ipsemet

117 1505 246 1545 Smith
275 1505 315 1543 in
336 1503 503 1554 epistola
522 1502 615 1543 data
636 1501 687 1542 ad
708 1502 913 1542 Danielem
938 1504 1067 1553 Rupp.
1086 1502 1148 1542 Cf.
1169 1504 1279 1552 Opus
1305 1503 1370 1541 An
1392 1502 1580 1552 orior-inal
1603 1502 1764 1553 history
1791 1504 1844 1552 of
1866 1504 1935 1544 tlte

112 1570 314 1620 reliqious
350 1569 689 1610 denominationis
715 1570 762 1608 at
785 1569 958 1619 present
984 1570 1166 1617 existtnq
1194 1570 1238 1606 in
1271 1567 1340 1607 the
1371 1570 1513 1608 Um'tes
1548 1570 1702 1608 states.
1738 1569 1936 1609 Philadel-

114 1636 209 1686 phia
238 1639 347 1676 1844.
369 1646 457 1686 pag.
481 1638 552 1675 404
571 1645 682 1685 seqq.

232 1700 410 1751 Epistola
426 1699 476 1739 de
495 1709 574 1750 qua
593 1699 795 1749 loquimur
821 1699 879 1739 sic
905 1698 1063 1750 incipit:
1087 1699 1295 1739 «Ecclesia
1321 1702 1409 1738 Iesu
1438 1700 1588 1739 Christi
1614 1702 1843 1740 sanctorum
1869 1713 1935 1741 no·

117 1767 372 1807 vissimorum
392 1765 569 1814 dierum,
598 1763 767 1804 fundata
791 1764 867 1804 fuit
892 1775 941 1804 ex
969 1764 1119 1804 directa
1147 1764 1411 1814 revelatione,
1433 1765 1537 1805 sicut
1555 1775 1710 1815 semper
1737 1765 1814 1805 fuit
1843 1777 1938 1805 vera

114 1832 186 1872 Dei
204 1831 369 1872 ecclesia
387 1829 604 1870 secundum
622 1830 839 1880 scripturas
865 1829 1013 1880 (Amos
1034 1831 1106 1869 111.
1122 1830 1162 1869 et
1179 1831 1266 1869 Act.
1278 1829 1329 1877 I.)
1341 1831 1400 1868 Ex
1418 1829 1490 1869 Dei
1509 1830 1716 1869 voluntate
1733 1841 1779 1870 ac
1793 1830 1936 1871 benefi-

114 1898 199 1949 cio,
219 1900 301 1948 Ego
321 1897 512 1937 hactenus
538 1896 596 1936 fui
627 1896 666 1935 in
697 1896 783 1936 eius
808 1896 993 1936 manibus
1020 1896 1329 1935 instrumentum
1357 1894 1407 1935 ad
1434 1896 1746 1945 promovendam
1777 1907 1939 1936 causam

112 1963 220 2003 Sion.
240 1964 380 2012 Itaque
394 1962 581 2013 incipiam
602 1973 625 2001 a
649 1962 756 2001 vitae
774 1973 884 2002 meae
904 1962 1169 2001 narratione.»

227 2030 370 2069 Narrat
397 2039 516 2079 porro
534 2039 576 2068 se
592 2027 808 2067 credidisse
828 2029 869 2067 et
886 2038 1066 2078 sperasse
1085 2027 1127 2065 in
1146 2026 1270 2066 verbo
1290 2027 1383 2076 Dei,
1409 2029 1447 2067 si
1471 2029 1567 2078 quis
1595 2027 1758 2078 indiqec
1774 2031 1937 2080 sapien-

116 2097 178 2135 tia
198 2093 391 2146 postulet
416 2104 445 2134 a
464 2096 550 2133 Deo
572 2094 675 2145 (Iac.
697 2096 727 2133 I.
750 2094 779 2144 ),
800 2093 980 2144 adeoque
998 2104 1124 2143 quum
1143 2092 1298 2132 videret
1315 2093 1377 2132 tot
1394 2094 1435 2132 in
1456 2093 1647 2144 religione
1675 2092 1942 2134 dissensiones

114 2170 157 2200 se
183 2159 234 2199 ad
256 2159 479 2199 orationem
510 2159 748 2208 contulisse,
769 2160 815 2198 ut
845 2158 1078 2198 immediate
1097 2169 1121 2198 a
1138 2160 1221 2198 Deo
1242 2157 1474 2209 doceretur;
1493 2160 1578 2198 tum
1597 2158 1663 2198 die
1684 2165 1745 2199 21.
1764 2161 1938 2210 Septem-

114 2225 196 2265 bris
214 2235 278 2264 an.
297 2227 343 2264 D.
367 2230 476 2265 1823.
492 2224 688 2264 visionem
707 2224 847 2275 Angeli
868 2224 1077 2273 habuisse,
1097 2224 1167 2275 qui
1184 2224 1390 2263 nunciavit
1420 2225 1578 2275 tempus
1605 2224 1742 2265 adesse
1762 2226 1806 2265 ut
1822 2228 1938 2266 testa-

115 2291 291 2331 mentum
309 2290 382 2330 Dei
407 2302 497 2330 cum
517 2291 639 2331 Israel
661 2291 950 2341 compleretur,
969 2290 1189 2330 secundum
1216 2290 1384 2330 Messiae
1420 2289 1638 2331 adventum
1676 2301 1799 2341 prope
1831 2301 1938 2341 esse,

116 2357 276 2407 iamque
305 2357 564 2408 Evangelium
594 2358 636 2397 in
666 2368 738 2397 sua
770 2356 1018 2408 plenitudine
1050 2356 1279 2396 nationibus
1311 2356 1583 2407 praedicatum
1615 2367 1720 2408 esse,
1751 2360 1796 2397 ut
1822 2369 1942 2408 popu-

119 2424 182 2464 lus
199 2423 251 2463 ad
272 2434 435 2474 regnum
466 2424 734 2464 millenarium
754 2424 1070 2475 praepararetur.
1091 2426 1234 2463 Narrat
1248 2426 1337 2474 post
1356 2424 1503 2464 multas
1522 2424 1753 2475 angelorum
1772 2424 1943 2464 visiones

119 2489 456 2540 revelationesque
482 2490 531 2529 de
561 2489 790 2530 novissimis
811 2489 972 2540 diebus,
998 2489 1048 2529 ab
1072 2490 1220 2540 Angelo
1248 2490 1434 2530 habuisse
1466 2501 1631 2529 aureum
1658 2490 1941 2540 prophetarum

122 2552 264 2592 librum
300 2554 595 2595 characteribus
627 2555 818 2606 aegyptiis
844 2556 1071 2605 exaratum,
1099 2555 1169 2606 qui
1196 2565 1266 2605 per
1298 2555 1414 2606 plura
1441 2555 1575 2595 secula
1603 2555 1644 2594 in
1676 2555 1817 2595 tellure
1843 2554 1940 2595 deli-

121 2619 275 2667 tuerat,
305 2630 422 2668 quem
450 2621 532 2671 ipse
566 2621 732 2671 perlegit
766 2632 840 2672 ope
874 2621 1164 2672 pellucidorum
1200 2621 1407 2671 lapidum,
1440 2632 1542 2671 quos
1573 2620 1623 2660 ab
1655 2621 1803 2670 Angelo
1832 2630 1940 2661 acce-

121 2682 201 2732 pit,
231 2693 411 2733 quosque
441 2685 611 2725 Hebraei
652 2687 768 2725 Urim
792 2688 834 2725 et
865 2686 1060 2726 Thumim
1087 2687 1349 2735 vocaverant,
1385 2696 1586 2735 quemque
1611 2696 1658 2724 ex
1690 2686 1763 2725 Dei
1793 2686 1942 2725 virtute

124 2746 277 2796 anglice
294 2747 428 2787 vertit.
449 2750 496 2787 In
521 2759 568 2789 eo
599 2749 699 2790 libro
725 2751 910 2790 narratur
929 2751 1092 2790 colonos
1110 2751 1151 2789 in
1168 2751 1390 2790 Americam
1408 2750 1537 2800 primo
1555 2761 1602 2790 ex
1619 2750 1721 2790 turri
1742 2750 1941 2801 Babelica,

123 2811 215 2851 dein
247 2823 294 2852 ex
325 2812 571 2853 Hierusalem
604 2813 779 2864 venisse,
814 2815 1075 2865 potissimum·
1093 2815 1294 2854 Israelitas
1320 2825 1370 2853 ex
1394 2815 1516 2865 stirpe
1542 2814 1715 2865 Iosephi.
1737 2815 1941 2855 Christum

124 2877 212 2927 post
231 2877 556 2918 resurrectionem
574 2889 688 2917 suam
715 2878 792 2927 ibi,
822 2889 963 2930 nempe
986 2879 1028 2918 in
1045 2880 1248 2929 America‚
1271 2879 1522 2930 apparuisse,
1550 2890 1597 2919 ac
1617 2879 1848 2929 religionem
1866 2891 1944 2920 non

126 2952 239 2982 secus
256 2954 303 2982 ac
319 2943 361 2982 in
379 2945 513 2983 nostra
532 2944 752 2984 continenti
778 2945 938 2994 regione
968 2945 1154 2985 fundasse
1169 2976 1179 2994 ,
1205 2945 1428 2996 apostolos,
1450 2945 1663 2996 prophetas
1683 2945 1945 2997 doctoresque

122 3008 328 3058 statuisse;
355 3009 524 3059 populos
550 3009 641 3048 dein
662 3021 685 3049 a
705 3010 898 3061 religione
918 3009 1127 3060 defecisse,
1146 3022 1193 3050 ac
1222 3010 1407 3050 ultimum
1437 3011 1671 3061 prophetam
1697 3013 1945 3051 Mormonem

121 3071 311 3112 divinitus
337 3073 482 3113 librum
510 3074 736 3124 scripsisse,
766 3075 834 3125 qui
862 3075 1092 3115 novissimis
1118 3075 1258 3115 diebus
1276 3086 1297 3115 e
1314 3075 1469 3116 telluris
1488 3076 1576 3115 sinu
1598 3075 1721 3116 effodi
1746 3076 1943 3126 debebat,

126 3148 171 3177 ac
189 3138 331 3178 Bibliis
356 3138 451 3178 addi
475 3139 682 3189 tamquam
706 3150 844 3179 eorum
874 3140 1224 3191 complementum.

240 3205 336 3244 Post
363 3204 462 3244 haec
492 3205 647 3244 somnia
664 3234 676 3255 ,
711 3214 839 3245 novae
869 3205 1058 3246 ecclesiae
1082 3204 1274 3258 propheta
1305 3207 1498 3258 Iosephus
1516 3207 1645 3247 Smith
1665 3208 1800 3247 narrat
1817 3208 1884 3247 die
1904 3212 1941 3247 6.

123 3268 248 3318 April.
270 3273 382 3309 1830.
404 3268 633 3320 ecclesiam,
651 3271 697 3308 ut
714 3269 793 3321 ait,
821 3271 910 3310 lesu
931 3270 1082 3311 Christi
1106 3273 1334 3312 sanctorum
1355 3271 1667 3312 novissimorum
1687 3272 1844 3312 dierum
1865 3272 1946 3311 fun-

123 3332 256 3373 datam
276 3333 397 3374 fuisse
415 3334 457 3373 in
477 3334 574 3375 urbe
589 3335 840 3376 Manchester
854 3336 895 3375 in
913 3336 1017 3377 statu
1030 3337 1386 3388 Neo-Eboracensi,
1399 3349 1469 3388 per
1483 3337 1733 3389 prophetiam
1747 3339 1787 3377 et
1802 3337 1944 3377 revela-

122 3399 271 3438 tionem
285 3399 326 3439 et
338 3399 631 3450 impositionem
650 3411 842 3441 manuum
867 3402 1073 3443 ministros
1090 3403 1245 3443 creatos
1264 3403 1409 3452 fuisse,
1431 3414 1663 3455 novumque
1684 3403 1943 3454 Evangelium

125 3462 245 3503 fuisse
258 3464 530 3515 praedicatum
542 3495 554 3516 ,
573 3468 694 3516 atque
712 3467 897 3508 ecclesias
917 3468 1100 3518 pluribus
1122 3468 1164 3507 in
1178 3467 1354 3508 Statibus
1370 3468 1575 3510 Americae
1591 3469 1792 3509 institutas
1810 3468 1947 3516 fuisse,

127 3528 376 3575 potissimum
394 3530 435 3569 in
449 3530 576 3581 Statu,
588 3531 658 3581 qui
674 3531 820 3573 dicitur
832 3534 1051 3574 Missouri:
1067 3534 1200 3580 Quum
1218 3544 1311 3573 vero
1324 3536 1469 3574 Sancti
1483 3534 1553 3584 qui
1568 3536 1714 3574 mirum
1727 3534 1765 3573 in
1780 3533 1945 3573 modum

1830 3599 1863 3635 al<
