2320 4030
337 231 451 289 494
574 248 676 288 Lm.
700 246 779 287 ιιι.
809 245 952 285 sacr.
976 245 1193 284 ALTERA.
1231 244 1295 283 nr:
1327 245 1513 286 mmss.
1549 248 1707 288 MATR.
1738 250 1941 292 cnmsr.

333 345 763 416 continentiam,
818 357 873 403 et
922 366 987 403 ex
1039 358 1197 425 parte
1247 359 1494 404 remanet
1536 346 1591 403 in
1638 346 1977 427 pollutione?
2012 353 2130 430 (76)
2160 378 2187 408 »

333 445 483 516 Quin
533 442 720 525 potius
765 442 980 501 ratione
1025 442 1428 502 contrariorum
1471 442 1753 502 videretur
1804 445 1995 504 inferri
2029 469 2195 528 posse

330 564 398 601 ex
428 563 475 600 s.
507 538 756 619 Gregorii
780 538 1086 619 principio,
1117 538 1268 619 quod
1293 560 1416 597 cum
1445 540 1691 599 nondum
1722 564 1834 600 una
1864 564 1993 602 caro
2015 543 2193 603 effecti

331 636 563 707 fuerint,
602 635 792 694 liceret
820 657 993 695 causa
1026 634 1312 713 religionis
1345 634 1608 715 coniugia
1630 636 1960 697 dissolvere.
1989 637 2199 698 Alludit

330 746 518 793 autem
564 754 665 814 per
707 731 805 790 illa
840 731 1044 792 verba:
1081 733 1184 790 etsi
1225 731 1314 790 lem
1346 731 1582 791 humana
1613 735 1868 792 concessit
1897 733 1967 793 ad
1999 735 2198 795 Novel-

330 830 415 890 las
457 829 756 890 Iustiniani
802 828 1157 910 imperatoris
1201 828 1409 910 quibus
1463 829 1735 889 eiusmodi
1791 831 2069 912 separatio
2111 854 2199 890 re-

330 925 558 1007 ligionis
590 925 819 985 obtentu
848 924 1274 1007 permittebatur
1296 927 1444 1004 (77),
1465 947 1607 1006 quas
1639 926 1867 1007 quidem
1899 926 2051 1006 leges
2082 950 2200 987 me-

333 1022 439 1084 rito
481 1044 530 1082 S.
563 1021 862 1102 Gregorius
906 1020 1168 1102 reprobat
1211 1020 1292 1080 uti
1337 1020 1563 1081 divinae
1606 1021 1714 1102 legi
1758 1023 2140 1083 adversantes.

456 1119 609 1178 Idem
642 1117 932 1177 ferendum
968 1117 1240 1177 iudicium
1272 1117 1343 1177 de
1373 1139 1457 1188 e0‚
1494 1118 1643 1199 quod
1677 1119 1870 1179 statuit
1890 1119 2197 1198 Ecgbertus

334 1215 692 1276 eboracensis
737 1214 795 1272 in
847 1213 1109 1296 capitulis
1162 1236 1195 1273 a
1242 1237 1303 1274 se
1353 1213 2017 1294 vulgatis:«Legitimum
2068 1238 2201 1275 con-

334 1311 551 1392 iugium
589 1333 701 1371 non
746 1310 874 1370 licet
919 1310 1169 1391 separari
1203 1310 1325 1370 sine
1355 1332 1634 1370 consensu
1665 1310 1982 1383 amborum,
2020 1323 2201 1391 potest

335 1421 520 1469 tamen
565 1407 705 1469 alter
735 1407 894 1467 alteri
926 1429 1052 1467 cum
1083 1407 1319 1467 consilio
1362 1407 1615 1488 episcopi
1647 1407 1929 1466 licentiam
1960 1407 2094 1466 dare
2130 1407 2200 1466 ad

335 1506 659 1566 servitutem
711 1504 814 1564 Dei
871 1503 1154 1564 accedere.
1195 1504 1438 1574 Quidam
1494 1503 1661 1562 etiam
1714 1503 1935 1574 dicunt,
1981 1503 2029 1563 si
2078 1503 2195 1574 vir,

336 1601 457 1661 sive
500 1600 702 1660 mulier
731 1623 798 1660 ex
829 1622 1111 1661 consensu
1152 1600 1479 1680 religionem
1517 1599 1751 1681 ceperit,
1796 1599 1926 1659 licet
1966 1599 2201 1659 alterum

336 1698 591 1780 accipere
634 1720 839 1759 novum
884 1697 1237 1778 coniugium,
1287 1696 1388 1756 sed
1432 1696 1678 1778 puellam
1721 1695 1810 1755 vel
1854 1718 2115 1777 puerum,
2153 1695 2201 1755 si

337 1795 631 1857 continens
676 1817 806 1855 esse
849 1816 962 1855 non
1006 1793 1227 1876 poterit.
1280 1793 1443 1864 Quod
1475 1815 1587 1853 non
1617 1793 1807 1853 laudo.
1845 1793 1953 1852 Sed
1986 1793 2032 1852 si
2073 1793 2202 1874 quis

336 1893 457 1953 vult
500 1892 831 1972 coniugatus
875 1891 1121 1952 converti
1166 1891 1239 1951 ad
1289 1890 1721 1962 monasterium,
1771 1912 1881 1950 non
1932 1901 2019 1948 est
2063 1887 2203 1947 reci-

336 1989 609 2071 pienduS,
647 1988 756 2048 nisi
790 1987 947 2070 prius
981 2010 1015 2048 a
1045 1987 1300 2067 coniuge,
1330 1986 1720 2047 castimoniam
1753 1986 2064 2067 profitente,
2092 1984 2204 2043 sue-

338 2087 410 2146 rit
461 2086 776 2146 absolutus.
827 2086 967 2144 Nam
1020 2085 1099 2156 si,
1158 2084 1255 2143 illo
1305 2084 1557 2155 vivente,
1604 2105 1703 2165 per
1744 2080 2202 2142 incontinentiam

338 2183 501 2243 alteri
526 2181 813 2265 nupserit,
845 2180 1038 2263 procul
1063 2180 1235 2240 dubio
1266 2179 1517 2238 adultera
1542 2179 1675 2251 erit,
1704 2193 1759 2238 et
1781 2179 1877 2260 qui
1901 2200 2023 2238 eam
2045 2177 2205 2236 dimi-

339 2280 446 2352 sit,
483 2279 784 2361 participes
815 2278 920 2338 erit
950 2278 1164 2360 peccati
1198 2277 1349 2337 illius
1380 2278 1568 2356 (78):»
1588 2278 1727 2335 Nam
1750 2275 1932 2335 hocin
1958 2274 2204 2356 capitulo

338 2377 409 2439 de
438 2377 799 2436 matrimonio
822 2388 1209 2436 consummato
1233 2375 1384 2434 hunc
1407 2374 1731 2455 episcopum
1757 2394 1921 2452 agere
1943 2372 2074 2432 inde
2098 2371 2206 2432 col—

466 2557 549 2609 (76)
579 2557 682 2598 ibid.

463 2625 547 2676 (77)
573 2624 809 2665 Novell.22.
826 2626 888 2664 De
911 2625 1076 2676 nuptiis
1096 2623 1166 2664 ubi
1186 2622 1237 2664 de
1256 2633 1377 2663 causa
1395 2621 1678 2673 repudiorum,
1700 2621 1796 2662 item
1814 2620 2203 2662 lib.v.cod.tit.17.

340 2695 381 2735 et
412 2693 456 2733 in
484 2692 651 2744 digestis
678 2691 742 2732 tit.
765 2694 828 2731 De
847 2690 1049 2731 divortiis
1058 2705 1074 2740 ;
1101 2702 1175 2731 nec
1203 2701 1284 2730 non
1312 2691 1471 2731 Novell.
1494 2696 1580 2730 123.
1604 2692 1663 2730 Dc
1678 2691 1962 2730 sanctissimis
1979 2690 2205 2740 episcopis,

338 2759 578 2813 praesertim
597 2770 687 2810 cap.
703 2763 767 2800 4ο.
786 2758 998 2800 solvatur
1024 2760 1373 2798 matrimonium.
1396 2760 1453 2797 Ex
1484 2757 1633 2808 quibus
1662 2756 1817 2808 legibus
1852 2757 2004 2796 factum
2037 2757 2128 2805 est,
2163 2756 2210 2795 ut

341 2830 472 2879 graeci
504 2827 753 2879 quandoque
786 2838 859 2867 sua
893 2826 1083 2877 coniugia
1115 2826 1343 2866 dissolvant
1377 2825 1499 2866 etiam
1537 2827 1820 2866 consummata
1853 2825 1905 2864 ad
1939 2823 2206 2875 profitendam

342 2895 469 2934 vitam
492 2893 772 2934 monasticam.
794 2893 847 2933 Hi
879 2893 1108 2933 innituntur
1129 2894 1335 2944 praeterea
1355 2893 1609 2943 auctoritati,
1631 2895 1677 2932 ut
1697 2893 1771 2943 ipsi
1795 2892 2064 2942 contendunt,
2087 2902 2119 2930 s.
2140 2893 2208 2930 Ba-

344 2961 447 3012 silii,
477 2961 549 3012 qui
576 2962 618 3000 in
643 2961 815 3012 Reyulis
833 2959 990 3010 fusius
1019 2962 1237 3001 tractatis.
1268 2962 1487 3010 [ntem-oq.
1512 2961 1601 3000 XII.
1629 2959 1842 2999 constituit
1860 2990 1870 3008 ,
1900 2960 1945 2998 ut
1972 2958 2042 3008 qui
2070 2956 2205 2997 matri-

344 3028 484 3068 monio
513 3029 676 3068 functus
705 3029 786 3078 est,
817 3030 939 3079 atque
966 3028 1189 3068 monachus
1225 3027 1310 3067 fieri
1352 3027 1463 3077 vult,
1489 3026 1617 3077 possit
1644 3037 1686 3067 se
1713 3026 1754 3064 in
1781 3025 2069 3065 monasterium
2108 3024 2206 3063 reci-

342 3107 456 3149 pere,
486 3095 646 3136 etiamsi
675 3106 883 3135 assensum
908 3107 1028 3135 suum
1056 3106 1160 3135 uxor
1186 3095 1283 3134 dare
1310 3094 1520 3135 detrectet.
1543 3097 1643 3134 Item
1665 3094 1849 3144 exemplo
1875 3094 2062 3133 Theonae
2085 3090 2205 3131 abba-

344 3165 420 3214 tis,
450 3164 500 3203 de
537 3174 619 3214 quo
650 3163 773 3202 refert
806 3163 1025 3202 Cassianus
1055 3162 1194 3202 collat.
1222 3162 1331 3201 XXI.
1363 3171 1452 3211 cap.
1490 3167 1529 3201 9.
1567 3161 1679 3212 quod
1710 3171 1805 3200 cum
1839 3160 1881 3199 in
1914 3159 2102 3209 coniugio
2137 3169 2209 3209 per

343 3229 687 3283 quinquiennium
726 3229 996 3279 constitisset,
1028 3228 1193 3268 demum
1227 3238 1354 3267 uxore
1385 3229 1657 3279 repugnante,
1686 3239 1734 3267 ea
1765 3226 1903 3267 relicta
1929 3225 1979 3265 ad
2008 3226 2207 3265 monaste-

346 3298 452 3339 rium
494 3295 804 3346 convolaverit,
839 3296 880 3336 in
916 3307 999 3347 quo
1033 3294 1136 3335 adeo
1169 3296 1309 3334 sancte
1343 3294 1477 3344 vixit,
1516 3296 1563 3335 ut
1604 3293 1813 3334 miraculis
1848 3292 2100 3332 claresceret.
2136 3293 2209 3332 Ast

342 3377 569 3419 perperam.
590 3366 653 3406 Cf.
675 3365 862 3406 Bellarm.
883 3366 954 3405 lib.
977 3365 1014 3404 11
1048 3365 1108 3403 De
1126 3362 1327 3405 monach.
1343 3371 1432 3415 cap.
1454 3368 1517 3406 38.

470 3433 553 3484 (78)
580 3435 681 3485 Cap.
702 3433 885 3472 CXVIII.
908 3432 1016 3483 apud
1041 3430 1167 3471 Labb.
1190 3432 1290 3471 tom.
1314 3431 1386 3470 vt.
1409 3432 1534 3470 Cone.
1561 3430 1639 3470 col.
1663 3433 1773 3470 1596.
1795 3437 1869 3467 nec
1886 3437 1966 3467 non
1984 3426 2093 3478 apud
2108 3418 2209 3467 Wil-

347 3499 439 3540 kins
460 3500 657 3541 concilia
670 3501 857 3551 Maqnae
874 3500 1138 3539 Britanniae
1155 3499 1196 3538 et
1214 3496 1464 3538 Hiberniae.
1478 3497 1651 3539 Londin.
1667 3499 1777 3538 1737.
1791 3496 1932 3536 tom.1.
1951 3493 2208 3546 inExcerptis

350 3569 399 3607 D.
420 3567 605 3619 Ecgberti
625 3567 736 3608 arch.
757 3566 989 3607 eboracens.
1009 3577 1100 3617 cap.
1124 3567 1245 3605 CXX.
1262 3575 1352 3616 pag.
1381 3570 1467 3606 108.
