2320 4030
376 220 488 276 310
596 238 699 276 LIB.
730 235 808 274 111.
840 234 986 274 SEGT.
1021 234 1237 274 ALTERA.
1269 235 1334 273 DE
1366 234 1552 275 INDISS.
1591 238 1747 277 MATR.
1777 239 1964 280 cflnls'r

1198 353 1257 434 §-
1296 354 1406 411 xv.

967 499 1025 538 De
1053 509 1086 538 s.
1116 499 1268 537 Ioanne
1300 498 1604 548 Chrysostomo.

489 626 759 685 Accurate
790 626 1125 707 expendenti
1159 625 1493 698 doctrinam,
1523 648 1692 708 quam
1725 640 2043 687 constanter
2072 651 2120 690 s,
2150 632 2231 691 10.

366 722 802 805 Chrysostomus
835 736 1019 782 tuetur
1048 723 1119 780 de
1150 721 1314 804 plena
1358 744 1424 781 ac
1468 737 1736 805 perpetua
1778 723 2091 803 coniugalis
2121 726 2240 785 vin-

367 819 477 879 culi
533 820 836 891 firmitate,
889 833 1056 901 atque
1119 818 1617 880 indissolubilitate
1671 820 2031 893 omnimoda,
2086 821 2242 882 illico

367 915 677 997 apparebit,
715 938 842 975 eum
880 916 1076 975 merito
1120 916 1532 975 accensendum
1578 916 1725 976 inter
1767 907 2103 998 praecipuos
2145 939 2242 977 ca-

367 1011 629 1084 tholicae,
666 1035 835 1094 quam
867 1011 1233 1083 adstruimus,
1262 1011 1551 1071 doctrinae
1573 1026 2012 1094 propugnatores
2066 1025 2118 1072 et
2153 1036 2241 1073 as-

366 1122 629 1168 sertores,
691 1109 966 1180 Quamvis
1009 1109 1157 1168 enim
1212 1107 1523 1168 adversarii
1561 1110 1803 1169 maxime
1851 1110 2058 1169 vellent
2106 1133 2236 1170 eum

364 1204 686 1265 facultatem
717 1205 950 1265 ineundi
982 1227 1154 1265 novas
1187 1205 1416 1286 nuptias
1447 1217 1574 1285 post
1601 1198 1991 1266 dimissionem
2022 1206 2240 1266 adulte-

365 1302 433 1360 rii
477 1324 651 1361 causa
700 1302 1027 1374 concedere,
1078 1302 1342 1383 nuspiam
1380 1315 1566 1361 tamen
1601 1323 1666 1360 ac
1709 1325 2014 1384 numquam
2066 1303 2123 1361 id
2178 1304 2236 1362 in

364 1399 485 1458 eius
540 1399 767 1480 scriptis
808 1399 1052 1479 reperire
1094 1411 1421 1480 potuerunt,
1472 1398 1751 1481 nobisque
1794 1398 2055 1459 obiicere.
2088 1398 2237 1469 Quin

362 1496 551 1576 potius
590 1495 908 1555 invenimus
942 1518 989 1554 s,
1025 1496 1318 1555 Doctorem
1356 1516 1422 1554 ea
1467 1495 1745 1577 principia
1775 1496 2135 1568 constituere,
2172 1508 2236 1554 ut

362 1592 683 1673 oppositam
736 1592 1053 1651 doctrinam
1112 1592 1183 1650 de
1234 1590 1670 1651 dissolubilitate
1712 1590 2028 1650 excludant.

484 1688 775 1770 Praecipui
806 1689 928 1748 eius
981 1702 1163 1748 textus
1206 1688 1312 1748 hac
1357 1689 1413 1746 in
1467 1710 1527 1748 re
1569 1701 1699 1747 sunt
1742 1689 1839 1770 qui
1886 1702 2229 1770 sequuntur:

365 1789 419 1844 1.
459 1809 525 1846 ex
569 1786 776 1846 Homil.
804 1787 970 1844 XVll.
1009 1787 1064 1843 in
1109 1785 1304 1844 Matth.
1342 1785 1439 1843 ubi
1483 1783 1709 1844 scribit:
1753 1810 1779 1841 «
1818 1785 2103 1866 Perpende
2145 1808 2241 1845 au·

361 1895 470 1941 tem
503 1882 662 1940 illum
704 1882 1058 1961 (Christum)
1091 1904 1313 1962 semper
1343 1882 1414 1940 ad
1441 1882 1623 1941 virum
1656 1903 1968 1941 sermonem
2006 1871 2230 1942 referre.

365 1980 475 2049 Qui
516 1979 778 2048 dimittit,
830 1979 1047 2060 inquit,
1096 2001 1322 2036 umorem
1364 2001 1551 2047 suam,
1585 1980 1724 2059 facit
1766 2001 1883 2037 eam
1923 1978 2195 2035 moechari
2210 2002 2232 2047 ,-

360 2089 409 2134 εἰ
449 2076 548 2157 qui
587 2076 872 2135 dimissam
921 2075 1089 2144 ducit,
1127 2076 1455 2133 moechatur.
1494 2074 1591 2133 Ille
1634 2075 1782 2133 enim
1829 2074 1933 2133 etsi
1998 2074 2232 2133 alteram

358 2195 470 2232 non
517 2172 755 2244 duxerit,
805 2172 913 2232 hoc
957 2172 1082 2252 ipso
1136 2193 1197 2230 se
1232 2172 1490 2231 criminis
1535 2194 1689 2230 reum
1737 2172 2044 2242 constituit,
2082 2171 2233 2252 quod

361 2293 484 2329 eam
538 2270 848 2328 adulteram
902 2269 1104 2328 faciat:
1155 2268 1249 2326 hic
1304 2290 1470 2339 vero,
1519 2268 1668 2349 quod
1725 2267 1969 2326 alienam
2021 2267 2232 2339 ducat,

357 2366 627 2425 moechus
670 2379 723 2424 et
755 2365 878 2447 ipse
924 2365 1003 2423 fit,
1047 2366 1127 2422 Ne
1171 2364 1310 2421 mihi
1350 2364 1497 2423 enim
1536 2364 1716 2434 dicaS‚
1753 2363 1849 2422 ille
1879 2363 2061 2422 eiecit.
2093 2364 2233 2422 Nam

355 2463 531 2522 eiecta
565 2463 752 2522 adhuc
794 2475 984 2521 manet
1015 2461 1291 2520 eiicientis
1316 2483 1471 2521 uxor.
1511 2461 1727 2520 Deinde
1758 2483 1827 2520 ne
1858 2473 2031 2520 totum
2058 2460 2236 2520 conii-

357 2561 512 2619 ciens
564 2561 620 2618 in
653 2559 1002 2631 eiicientem,
1041 2560 1479 2639 arrogantiorem
1513 2558 1717 2618 faceret
1754 2580 2005 2630 uxorem,
2047 2558 2233 2639 ipsam

356 2658 613 2739 accipere
640 2658 845 2718 volenti
879 2657 1107 2716 ianuam
1141 2656 1353 2716 claudit
1390 2657 1585 2715 dicens
1618 2680 1629 2715 :
1678 2656 1790 2726 Qui
1818 2657 2103 2714 dimissam
2134 2655 2237 2714 du—

355 2756 539 2824 oeerz‘t,
591 2755 937 2824 moechatur,
987 2776 1215 2813 uxorem
1260 2753 1345 2813 vel
1391 2753 1623 2813 invitam
1656 2752 1919 2834 pudicam
1945 2752 2184 2812 reddens
2215 2800 2230 2823 ,

356 2864 409 2910 ct
453 2852 523 2910 ad
577 2851 751 2910 alium
787 2852 972 2911 virum
1006 2851 1221 2910 aditum
1266 2850 1373 2931 ipsi
1421 2850 1712 2922 claudens,
1751 2872 1853 2910 nec
1903 2850 2234 2931 permittens

356 2947 660 3007 simultatis
705 2970 903 3007 ansam
964 2948 1306 3030 praebere...
1338 2949 1459 3006 Non
1505 2948 1611 3007 hoc
1654 2969 1784 3007 vero
1830 2960 2079 3017 tantum,
2130 2945 2229 3004 sed

356 3043 466 3103 alio
512 3066 739 3125 quoque
793 3045 958 3104 modo
1003 3045 1180 3123 legem
1241 3044 1370 3103 fecit
1422 3044 1622 3103 levem.
1681 3046 1820 3102 Nam
1865 3042 2132 3123 relinquit
2178 3041 2229 3100 ei

355 3164 529 3200 unum
562 3141 781 3223 repudii
814 3141 1061 3212 modum,
1101 3141 1326 3211 dicens;
1363 3153 1588 3220 concepta
1631 3162 1795 3199 causa
1824 3141 2223 3222 fornicationis.

356 3238 648 3320 Siquidem
686 3237 744 3295 in
777 3237 973 3296 eadem
1014 3250 1223 3318 perstat
1258 3236 1443 3295 decori
1483 3237 1718 3296 ratione.
1756 3236 1813 3293 Si
1837 3236 1986 3295 enim
2026 3236 2225 3294 iussis-

351 3349 436 3397 set
478 3358 603 3396 cum
658 3334 913 3417 pluribus
954 3334 1183 3392 mixtam
1220 3334 1497 3405 retinere,
1549 3356 1743 3394 rursus
1793 3333 1848 3392 in
1894 3332 2228 3393 adulterium

356 3455 448 3493 res
491 3431 918 3493 convertebatur
953 3432 1143 3509 (132).
1180 3454 1207 3486 »

477 3560 585 3613 (132)
613 3562 661 3602 Ν.
688 3563 725 3601 4.
752 3571 845 3612 pag.
863 3563 953 3600 227.
977 3564 1067 3599 228.
1090 3557 1154 3599 cd.
1174 3560 1305 3598 Maur.
