2320 4030
399 341 512 381 cir.
542 340 599 380 11.
630 339 695 379 nn
727 338 1019 380 romerium
1042 336 1371 379 succussiva.
1402 336 1522 381 ΛΒΤ.
1553 336 1589 375 ι.
1845 313 1918 374 8Ἶ

68 453 128 500 ut
169 438 239 498 ad
286 437 548 497 maiorem
586 437 977 519 perfectionem
1010 435 1206 494 fideles
1249 435 1305 493 in
1350 432 1718 497 custodienda
1760 432 1923 493 casti-

70 548 180 596 tate
222 548 348 617 post
389 534 714 594 viduitatem
758 534 1089 604 excitarent,
1125 543 1293 614 atque
1324 532 1394 591 ab
1435 555 1502 593 eo
1544 530 1696 612 quod
1739 529 1925 590 minus

69 633 227 691 decet
270 630 628 691 retraherent.
665 631 810 689 Sane
838 629 1172 700 Cotelerius,
1208 629 1307 710 qui
1339 638 1457 710 pro'
1480 629 1794 689 eruditione
1824 650 1928 688 sua

69 725 563 809 quotquotpotuit
604 728 663 784 in
701 726 851 785 hanc
895 725 1222 785 sententiam
1265 724 1511 804 collegit,
1562 725 1790 785 nonnisi
1831 747 1932 784 un-

71 824 252 884 decim
283 821 561 882 recensuit
592 821 1161 904 testimonia,'nempe
1190 819 1599 900 Athenagorae,
1635 820 1930 903 Theophili

72 918 435 988 Antiocheni,
484 918 730 988 Irenaei,
768 918 1091 977 Tertulliani
1140 916 1327 978 adhuc
1369 916 1659 989 catholici,
1701 917 1928 976 Minucii

74 1015 303 1085 Felicis,
339 1013 629 1094 Origenis,
673 1014 918 1094 Gregorii
953 1013 1316 1084 nazianzeni,
1355 1012 1769 1094 Chrysostomi,
1809 1013 1934 1071 Am-

76 1109 351 1191 philochii
375 1157 386 1179 ,
422 1108 776 1170 Ambrosiani
820 1122 874 1170 et
903 1108 1229 1190 Hieronymi
1270 1111 1418 1187 (39),
1457 1109 1625 1167 Porro
1657 1106 1715 1165 hi
1749 1121 1933 1188 patres

77 1206 150 1266 ad
175 1227 349 1266 unum
380 1227 596 1277 omnes,
630 1219 692 1266 ut
720 1205 1098 1276 ostendimus,
1135 1204 1474 1265 catholicum
1508 1226 1738 1263 sensum
1770 1226 1933 1284 prae-

72 1303 342 1363 seferunt.
388 1302 504 1361 Hoc
538 1315 655 1361 erat
687 1301 1066 1362 adnotandum
1101 1301 1172 1360 ad
1209 1301 1487 1361 vindicias
1521 1312 1739 1382 patrum
1769 1320 1938 1380 agen-

71 1399 175 1459 das
220 1420 362 1480 quos
407 1409 774 1479 protestantes
818 1397 1079 1458 vellicare
1119 1398 1368 1477 'gestiunt
1418 1399 1565 1476 (40).

203 1495 310 1555 Sed
354 1496 404 1554 si
450 1495 527 1554 ita
570 1508 688 1566 est,
730 1507 943 1574 regeret
984 1494 1225 1576 aliquis,
1263 1495 1361 1576 qui
1398 1495 1605 1555 factum
1642 1507 1727 1554 est
1759 1505 1819 1553 ut
1853 1493 1940 1552 bi-

75 1592 225 1672 gami
269 1591 340 1652 ab
388 1592 625 1652 ecclesia
676 1592 848 1651 variis
905 1591 1102 1674 poenis
1162 1613 1262 1673 pro
1312 1604 1625 1674 temporum
1675 1591 1939 1651 varietate

82 1687 488 1770 plecterentur?
509 1688 818 1768 Responsio
846 1710 913 1749 ex
942 1688 1106 1748 dictis
1138 1688 1197 1747 in
1229 1701 1490 1770 promptu
1520 1701 1625 1759 est,
1656 1687 1790 1768 quia
1815 1687 1941 1768 ipsa

79 1791 365 1872 quandam
394 1791 764 1872 deprehendit
784 1792 854 1850 in
886 1791 977 1851 his
1002 1791 1325 1873 nuptiarum
1357 1791 1713 1851 iteratoribus
1750 1791 1942 1851 incon-

78 1886 345 1946 tinentiae
377 1885 587 1959 labem,
623 1907 688 1947 eo
718 1887 841 1968 ipso
871 1888 1022 1969 quod
1046 1888 1345 1968 Apostolus
1380 1887 1484 1947 has
1530 1887 1806 1947 secundas
1838 1909 1943 1946 nu-

82 1982 229 2063 ptias
247 1981 429 2042 solum
447 1982 742 2042 indulserit
758 1997 925 2065 atque
950 1983 1266 2064 permiserit
1289 1983 1484 2043 habita
1508 1984 1720 2043 ratione
1742 1983 1941 2044 horum

91 2073 462 2150 in'firmitatiS,
492 2078 717 2138 dicens:
753 2079 961 2150 «Quod
1009 2079 1057 2139 si
1094 2101 1202 2139 non
1245 2101 1306 2139 se
1348 2080 1652 2150 continent,
1691 2079 1936 2149 nubant,

84 2174 284 2234 melius
319 2187 405 2234 est
434 2174 582 2233 enim
625 2175 834 2235 nubere
877 2198 1047 2257 quam
1091 2176 1178 2234 uri
1216 2178 1405 2254 (41).»

202 2269 381 2351 Atque
423 2270 562 2331 haec
594 2286 680 2332 est
712 2272 878 2344 rati0,
915 2295 1084 2354 quam
1122 2272 1391 2354 praebent
1424 2286 1698 2355 quotquot
1740 2272 1938 2331 durius

87 2365 159 2425 de
190 2366 453 2427 secundis
485 2367 696 2450 nuptiis
741 2368 895 2449 loqui
949 2369 1054 2428 visi
1103 2382 1251 2427 sunt.
1298 2368 1506 2428 Iuverit
1548 2390 1660 2428 uno
1703 2367 1943 2427 alterove

86 2472 327 2520 veterum
372 2461 690 2523 testimonio
736 2462 792 2521 id
832 2463 1148 2533 adstruere,
1183 2475 1244 2522 ut
1272 2463 1476 2523 melius
1521 2463 1740 2522 illorum
1786 2484 1943 2521 mens

203 2645 285 2694 (39)
310 2647 484 2687 coteler.
507 2649 547 2688 in
570 2651 665 2690 nota
696 2654 759 2691 34.
782 2649 835 2690 ad
854 2650 927 2690 lib.
954 2652 1006 2690 11.
1033 2652 1245 2691 Pastoris.

205 2708 287 2759 (40)
315 2711 378 2750 Cf.
400 2713 568 2764 Ceiller,
589 2715 790 2766 Apoloqie
827 2715 882 2757 de
910 2716 956 2757 la
981 2716 1149 2757 morale
1183 2716 1257 2757 des
1285 2716 1415 2757 Peres
1445 2715 1498 2756 de
1532 2713 1695 2767 l'eqlise
1721 2714 1787 2754 ed.
1816 2714 1943 2754 Paris.

99 2778 208 2815 1718.
227 2785 316 2826 pag.
334 2781 396 2816 31.
411 2787 524 2829 seqq.
538 2790 695 2820 necnon
707 2783 996 2833 Mamachium,
1013 2785 1178 2833 Oriqin.
1197 2784 1239 2822 et
1257 2783 1465 2833 antiquit.
1481 2781 1632 2822 christ.
1655 2783 1806 2822 Romae
1828 2784 1938 2822 1751.

91 2843 191 2881 tom.
214 2843 285 2882 ΙΙΙ.
311 2842 382 2882 lib.
405 2844 477 2883 111.
503 2855 592 2896 cap.
610 2851 647 2886 6.
667 2846 704 2897 §.
733 2851 771 2887 4.
795 2859 837 2898 p.
861 2852 934 2888 374
954 2859 1040 2899 seq.
1061 2848 1281 2899 Praecipue
1308 2859 1405 2888 vero
1425 2848 1569 2888 Daniel
1606 2847 1767 2888 Tobenz
1809 2848 1850 2887 in
1878 2858 1946 2898 op.

94 2908 291 2947 Examen
321 2910 541 2949 tractatus
560 2912 623 2950 Ιο.
641 2911 905 2964 Barbeyraci
925 2912 978 2953 de
999 2912 1203 2953 doctrina
1218 2913 1378 2954 morali
1398 2916 1584 2965 patrum
1604 2913 1824 2953 ecclesiae.
1845 2913 1942 2952 Vin·

91 2973 185 3013 dob.
214 2977 326 3014 1785.
342 2974 417 3014 Hic
434 2975 541 3015 enim
563 2976 764 3017 calamum
783 2978 950 3018 strinxit
976 2979 1170 3020 adversus
1203 2980 1497 3031 Barbeyracum
1519 2981 1610 3032 post
1626 2979 1862 3020 Buddaeum
1883 2980 1943 3019 lu·

92 3040 328 3090 theranum,
367 3042 437 3091 qui
466 3043 506 3082 et
533 3043 619 3093 ipse
644 3043 864 3084 insurrexit
891 3045 1088 3085 adversus
1112 3047 1288 3086 eundem
1326 3047 1368 3086 in
1390 3050 1573 3099 Isaqoqe
1605 3046 1947 3088 historico-theo·

93 3105 245 3155 loqica.
267 3107 498 3158 Lips.1727.
512 3108 636 3149 duob.
658 3110 738 3149 vol.
756 3110 799 3150 in
818 3114 855 3151 4.
876 3111 948 3152 lib.
964 3114 1016 3151 11.
1036 3123 1124 3163 cap.
1142 3115 1180 3152 4.
1203 3115 1285 3153 Nec
1305 3124 1386 3153 non
1406 3114 1499 3164 post
1518 3113 1687 3162 doctum
1706 3113 1944 3154 Liberatum

90 3172 326 3212 Fassonium
353 3173 395 3213 in
422 3185 487 3225 op.
518 3177 581 3216 De
607 3176 767 3217 morali
790 3179 976 3229 patrum
1004 3178 1208 3220 doctrina
1231 3179 1444 3221 adversus
1474 3179 1639 3221 lib-rum
1667 3182 1734 3220 Io.
1754 3180 1940 3231 Bar-bey—

94 3240 200 3279 ναοί.
229 3238 398 3279 Liburni
419 3244 531 3281 1767.

206 3305 289 3355 (41)
315 3308 348 3347 1.
376 3308 470 3348 Cor.
499 3309 589 3350 v11.
620 3316 656 3351 9.
688 3311 926 3358 Quinimmo
949 3312 1087 3353 inveni
1133 3313 1174 3352 in
1219 3313 1409 3364 capitulis
1438 3313 1641 3354 Theodori
1671 3312 1941 3352 cantuariens.

92 3371 379 3424 archiepiscopi
408 3385 497 3426 cap.
526 3378 633 3417 XVI.
664 3377 727 3418 his
756 3378 889 3419 verbis
915 3390 1172 3431 expressum:
1203 3397 1221 3415 «
1251 3384 1296 3420 In
1321 3383 1463 3432 primo
1492 3380 1682 3430 coniugio
1710 3378 1830 3419 debet
1850 3389 1937 3429 prc-

95 3436 232 3487 sbyter
258 3438 423 3480 missam
446 3451 585 3494 agere,
613 3445 653 3484 et
681 3443 917 3485 benedicere
939 3446 1102 3486 ambos:
1130 3448 1170 3487 et
1206 3448 1345 3497 postea
1372 3447 1624 3487 abstineant
1663 3456 1707 3487 se
1735 3445 1791 3489 ab
1818 3445 1947 3485 eccle-

97 3504 166 3542 sia
192 3504 376 3555 triqinta
401 3507 572 3559 diebus;
599 3510 748 3562 quibus
776 3512 949 3563 peractis
975 3515 1227 3563 poeniteant
1252 3515 1335 3554 XL.
1360 3513 1515 3554 diebus
1542 3515 1583 3554 et
1610 3514 1755 3553 vacent
1778 3511 1953 3552 orationi

93 3566 150 3679 {ta
162 3569 297 3673 ροξὲεα
322 3574 620 3617 communicent
654 3587 747 3618 cum
787 3577 1043 3619 oblat-ione.»
1074 3579 1191 3630 Apud
1219 3579 1465 3620 Dacherium
1493 3578 1693 3632 spicileq.
1727 3579 1828 3619 tom.
1877 3580 1946 3618 lx.

154 3642 190 3682 g.
261 3665 267 3674 .
