<?xml version="1.0" encoding="UTF-8"?>
<!DOCTYPE html PUBLIC "-//W3C//DTD XHTML 1.0 Transitional//EN"
    "http://www.w3.org/TR/xhtml1/DTD/xhtml1-transitional.dtd">
<html xmlns="http://www.w3.org/1999/xhtml" xml:lang="en" lang="en">
 <head>
  <title>
</title>
<meta http-equiv="Content-Type" content="text/html;charset=utf-8" />
  <meta name='ocr-system' content='tesseract 3.04.00' />
  <meta name='ocr-capabilities' content='ocr_page ocr_carea ocr_par ocr_line ocrx_word'/>
</head>
<body>
  <div class='ocr_page' id='page_1' title='image "a603380703perruoft_0020.png"; bbox 0 0 2320 4030; ppageno 0'>
   <div class='ocr_carea' id='block_1_1' title="bbox 239 270 1781 326">
    <p class='ocr_par' dir='ltr' id='par_1_1' title="bbox 239 270 1781 326">
     <span class='ocr_line' id='line_1_1' title="bbox 239 270 1781 326; baseline -0.005 0"><span class='ocrx_word' id='word_1_1' title='bbox 239 270 312 326; x_wconf 81' lang='lat'>16</span> <span class='ocrx_word' id='word_1_2' title='bbox 523 285 623 326; x_wconf 78' lang='lat' dir='ltr'>Lm.</span> <span class='ocrx_word' id='word_1_3' title='bbox 650 283 728 326; x_wconf 89' lang='lat'>111.</span> <span class='ocrx_word' id='word_1_4' title='bbox 763 280 904 323; x_wconf 69' lang='lat' dir='ltr'>sacr.</span> <span class='ocrx_word' id='word_1_5' title='bbox 940 280 978 320; x_wconf 91' lang='lat'>1.</span> <span class='ocrx_word' id='word_1_6' title='bbox 1015 280 1080 320; x_wconf 75' lang='grc' dir='ltr'><strong>ιιιι</strong></span> <span class='ocrx_word' id='word_1_7' title='bbox 1115 279 1272 322; x_wconf 57' lang='lat' dir='ltr'>narn.</span> <span class='ocrx_word' id='word_1_8' title='bbox 1306 279 1508 321; x_wconf 83' lang='lat' dir='ltr'>cnmsr.</span> <span class='ocrx_word' id='word_1_9' title='bbox 1545 279 1781 322; x_wconf 70' lang='lat' dir='ltr'>omum.</span> 
     </span>
    </p>
   </div>
   <div class='ocr_carea' id='block_1_2' title="bbox 237 369 2098 2670">
    <p class='ocr_par' dir='ltr' id='par_1_2' title="bbox 237 369 2074 749">
     <span class='ocr_line' id='line_1_2' title="bbox 355 369 2072 464; baseline -0.002 -20"><span class='ocrx_word' id='word_1_10' title='bbox 355 384 550 444; x_wconf 82' lang='lat' dir='ltr'>Verum</span> <span class='ocrx_word' id='word_1_11' title='bbox 593 403 726 464; x_wconf 87' lang='lat' dir='ltr'>prae</span> <span class='ocrx_word' id='word_1_12' title='bbox 766 381 965 441; x_wconf 88' lang='lat' dir='ltr'>ceteris</span> <span class='ocrx_word' id='word_1_13' title='bbox 994 379 1353 463; x_wconf 81' lang='lat' dir='ltr'>Carpocrates</span> <span class='ocrx_word' id='word_1_14' title='bbox 1389 379 1624 460; x_wconf 89' lang='lat' dir='ltr'>eiusque</span> <span class='ocrx_word' id='word_1_15' title='bbox 1658 369 1922 462; x_wconf 87' lang='lat' dir='ltr'>discipuli</span> <span class='ocrx_word' id='word_1_16' title='bbox 1951 401 2072 440; x_wconf 89' lang='lat' dir='ltr'>car-</span> 
     </span>
     <span class='ocr_line' id='line_1_3' title="bbox 238 468 2070 563; baseline -0.003 -22"><span class='ocrx_word' id='word_1_17' title='bbox 238 480 541 563; x_wconf 80' lang='lat' dir='ltr'>pocratiani</span> <span class='ocrx_word' id='word_1_18' title='bbox 571 478 950 549; x_wconf 84' lang='lat' dir='ltr'><strong>eminuerunt,</strong></span> <span class='ocrx_word' id='word_1_19' title='bbox 978 477 1077 559; x_wconf 91' lang='lat' dir='ltr'>qui</span> <span class='ocrx_word' id='word_1_20' title='bbox 1102 476 1244 536; x_wconf 91' lang='lat' dir='ltr'>inter</span> <span class='ocrx_word' id='word_1_21' title='bbox 1264 468 1594 558; x_wconf 87' lang='lat' dir='ltr'>praecipuos</span> <span class='ocrx_word' id='word_1_22' title='bbox 1617 496 1793 536; x_wconf 84' lang='lat' dir='ltr'>novae</span> <span class='ocrx_word' id='word_1_23' title='bbox 1821 476 2070 558; x_wconf 89' lang='lat' dir='ltr'>ipsorum</span> 
     </span>
     <span class='ocr_line' id='line_1_4' title="bbox 237 573 2074 655; baseline -0.003 -18"><span class='ocrx_word' id='word_1_24' title='bbox 237 577 516 637; x_wconf 90' lang='lat' dir='ltr'>doctrinae</span> <span class='ocrx_word' id='word_1_25' title='bbox 558 573 820 634; x_wconf 86' lang='lat' dir='ltr'>articulos</span> <span class='ocrx_word' id='word_1_26' title='bbox 863 586 1198 655; x_wconf 88' lang='lat' dir='ltr'>posuerunt,</span> <span class='ocrx_word' id='word_1_27' title='bbox 1245 594 1439 632; x_wconf 74' lang='lat' dir='ltr'>umores</span> <span class='ocrx_word' id='word_1_28' title='bbox 1492 584 1726 653; x_wconf 80' lang='lat' dir='ltr'>oportere</span> <span class='ocrx_word' id='word_1_29' title='bbox 1777 593 1885 631; x_wconf 82' lang='lat' dir='ltr'>esse</span> <span class='ocrx_word' id='word_1_30' title='bbox 1932 594 2074 632; x_wconf 82' lang='lat' dir='ltr'>com-</span> 
     </span>
     <span class='ocr_line' id='line_1_5' title="bbox 238 673 590 749; baseline -0.009 -18"><span class='ocrx_word' id='word_1_31' title='bbox 238 694 419 731; x_wconf 75' lang='lat' dir='ltr'>munes</span> <span class='ocrx_word' id='word_1_32' title='bbox 446 673 590 749; x_wconf 75' lang='lat'>(20).</span> 
     </span>
    </p>

    <p class='ocr_par' dir='ltr' id='par_1_3' title="bbox 239 762 2078 1038">
     <span class='ocr_line' id='line_1_6' title="bbox 355 762 2078 845; baseline -0.002 -21"><span class='ocrx_word' id='word_1_33' title='bbox 355 766 645 826; x_wconf 91' lang='lat' dir='ltr'>Adamitae</span> <span class='ocrx_word' id='word_1_34' title='bbox 687 788 799 826; x_wconf 90' lang='lat' dir='ltr'>sec.</span> <span class='ocrx_word' id='word_1_35' title='bbox 834 764 1101 825; x_wconf 89' lang='lat' dir='ltr'>ecclesiae</span> <span class='ocrx_word' id='word_1_36' title='bbox 1144 764 1390 825; x_wconf 91' lang='lat' dir='ltr'>secundo</span> <span class='ocrx_word' id='word_1_37' title='bbox 1420 765 1478 823; x_wconf 92' lang='lat' dir='ltr'>in</span> <span class='ocrx_word' id='word_1_38' title='bbox 1515 786 1734 824; x_wconf 90' lang='lat' dir='ltr'>omnem</span> <span class='ocrx_word' id='word_1_39' title='bbox 1780 762 2078 845; x_wconf 88' lang='lat' dir='ltr'>turpitudi-</span> 
     </span>
     <span class='ocr_line' id='line_1_7' title="bbox 240 859 2078 945; baseline -0.003 -23"><span class='ocrx_word' id='word_1_40' title='bbox 240 885 363 923; x_wconf 86' lang='lat' dir='ltr'>nem</span> <span class='ocrx_word' id='word_1_41' title='bbox 394 863 562 923; x_wconf 90' lang='lat' dir='ltr'>effusi</span> <span class='ocrx_word' id='word_1_42' title='bbox 603 862 842 944; x_wconf 89' lang='lat' dir='ltr'>apostoli</span> <span class='ocrx_word' id='word_1_43' title='bbox 888 883 1110 945; x_wconf 90' lang='lat' dir='ltr'>quoque</span> <span class='ocrx_word' id='word_1_44' title='bbox 1145 862 1368 921; x_wconf 84' lang='lat' dir='ltr'>suerunt</span> <span class='ocrx_word' id='word_1_45' title='bbox 1407 861 1659 922; x_wconf 91' lang='lat' dir='ltr'>eiusdem</span> <span class='ocrx_word' id='word_1_46' title='bbox 1690 860 1873 921; x_wconf 89' lang='lat' dir='ltr'>carnis</span> <span class='ocrx_word' id='word_1_47' title='bbox 1910 859 2078 918; x_wconf 82' lang='lat' dir='ltr'>liber-</span> 
     </span>
     <span class='ocr_line' id='line_1_8' title="bbox 239 958 1239 1038; baseline -0.001 -20"><span class='ocrx_word' id='word_1_48' title='bbox 239 960 366 1020; x_wconf 81' lang='lat' dir='ltr'>tatis</span> <span class='ocrx_word' id='word_1_49' title='bbox 396 982 467 1019; x_wconf 86' lang='lat' dir='ltr'>ae</span> <span class='ocrx_word' id='word_1_50' title='bbox 490 958 779 1020; x_wconf 91' lang='lat' dir='ltr'>muliebris</span> <span class='ocrx_word' id='word_1_51' title='bbox 809 958 1064 1019; x_wconf 85' lang='lat' dir='ltr'><strong>licentiae</strong></span> <span class='ocrx_word' id='word_1_52' title='bbox 1092 961 1239 1038; x_wconf 77' lang='lat'>(21).</span> 
     </span>
    </p>

    <p class='ocr_par' dir='ltr' id='par_1_4' title="bbox 241 1052 2084 1523">
     <span class='ocr_line' id='line_1_9' title="bbox 357 1052 2082 1133; baseline -0.001 -20"><span class='ocrx_word' id='word_1_53' title='bbox 357 1056 574 1115; x_wconf 86' lang='lat' dir='ltr'>Marcus</span> <span class='ocrx_word' id='word_1_54' title='bbox 616 1054 868 1115; x_wconf 87' lang='lat' dir='ltr'>eiusdem</span> <span class='ocrx_word' id='word_1_55' title='bbox 912 1054 1085 1114; x_wconf 91' lang='lat' dir='ltr'>seculi</span> <span class='ocrx_word' id='word_1_56' title='bbox 1130 1052 1523 1114; x_wconf 86' lang='lat' dir='ltr'>haeresiarcha</span> <span class='ocrx_word' id='word_1_57' title='bbox 1557 1053 1842 1133; x_wconf 74' lang='lat' dir='ltr'>gnosticas</span> <span class='ocrx_word' id='word_1_58' title='bbox 1865 1073 2082 1112; x_wconf 84' lang='lat' dir='ltr'>mareo-</span> 
     </span>
     <span class='ocr_line' id='line_1_10' title="bbox 241 1139 2081 1232; baseline -0.002 -21"><span class='ocrx_word' id='word_1_59' title='bbox 241 1152 521 1212; x_wconf 87' lang='lat' dir='ltr'>sianorum</span> <span class='ocrx_word' id='word_1_60' title='bbox 566 1172 767 1232; x_wconf 88' lang='lat' dir='ltr'>parens</span> <span class='ocrx_word' id='word_1_61' title='bbox 798 1173 908 1211; x_wconf 90' lang='lat' dir='ltr'>non</span> <span class='ocrx_word' id='word_1_62' title='bbox 938 1150 1049 1210; x_wconf 89' lang='lat' dir='ltr'>alia</span> <span class='ocrx_word' id='word_1_63' title='bbox 1083 1172 1145 1212; x_wconf 91' lang='lat' dir='ltr'>se</span> <span class='ocrx_word' id='word_1_64' title='bbox 1180 1139 1391 1210; x_wconf 85' lang='lat' dir='ltr'>ratione</span> <span class='ocrx_word' id='word_1_65' title='bbox 1435 1149 1608 1229; x_wconf 83' lang='lat' dir='ltr'>gessit</span> <span class='ocrx_word' id='word_1_66' title='bbox 1649 1170 1780 1229; x_wconf 81' lang='lat' dir='ltr'>erga</span> <span class='ocrx_word' id='word_1_67' title='bbox 1820 1148 2081 1208; x_wconf 91' lang='lat' dir='ltr'>mulieres</span> 
     </span>
     <span class='ocr_line' id='line_1_11' title="bbox 242 1243 2084 1329; baseline -0.003 -22"><span class='ocrx_word' id='word_1_68' title='bbox 242 1270 382 1329; x_wconf 88' lang='lat' dir='ltr'>quas</span> <span class='ocrx_word' id='word_1_69' title='bbox 427 1246 780 1328; x_wconf 86' lang='lat' dir='ltr'>decipiebat</span> <span class='ocrx_word' id='word_1_70' title='bbox 767 1247 914 1328; x_wconf 80' lang='lat' dir='ltr'>ipsis</span> <span class='ocrx_word' id='word_1_71' title='bbox 939 1246 1209 1328; x_wconf 91' lang='lat' dir='ltr'>pollicens</span> <span class='ocrx_word' id='word_1_72' title='bbox 1238 1244 1565 1329; x_wconf 85' lang='lat' dir='ltr'>prophetiae</span> <span class='ocrx_word' id='word_1_73' title='bbox 1586 1243 1829 1316; x_wconf 90' lang='lat' dir='ltr'>donum,</span> <span class='ocrx_word' id='word_1_74' title='bbox 1864 1266 2084 1304; x_wconf 89' lang='lat' dir='ltr'>earum-</span> 
     </span>
     <span class='ocr_line' id='line_1_12' title="bbox 241 1340 2084 1427; baseline -0.002 -24"><span class='ocrx_word' id='word_1_75' title='bbox 241 1366 351 1426; x_wconf 91' lang='lat' dir='ltr'>que</span> <span class='ocrx_word' id='word_1_76' title='bbox 400 1365 461 1403; x_wconf 90' lang='lat' dir='ltr'>se</span> <span class='ocrx_word' id='word_1_77' title='bbox 510 1365 620 1403; x_wconf 91' lang='lat' dir='ltr'>non</span> <span class='ocrx_word' id='word_1_78' title='bbox 658 1343 842 1403; x_wconf 92' lang='lat' dir='ltr'>minus</span> <span class='ocrx_word' id='word_1_79' title='bbox 888 1343 1192 1425; x_wconf 87' lang='lat' dir='ltr'>pudicitiae</span> <span class='ocrx_word' id='word_1_80' title='bbox 1234 1343 1604 1425; x_wconf 87' lang='lat' dir='ltr'>proditorem,</span> <span class='ocrx_word' id='word_1_81' title='bbox 1650 1361 1819 1427; x_wconf 89' lang='lat' dir='ltr'>quam</span> <span class='ocrx_word' id='word_1_82' title='bbox 1861 1340 2084 1400; x_wconf 85' lang='lat' dir='ltr'>divitia-</span> 
     </span>
     <span class='ocr_line' id='line_1_13' title="bbox 243 1438 1917 1523; baseline -0.002 -24"><span class='ocrx_word' id='word_1_83' title='bbox 243 1463 396 1512; x_wconf 91' lang='lat' dir='ltr'>rum,</span> <span class='ocrx_word' id='word_1_84' title='bbox 449 1440 496 1500; x_wconf 92' lang='lat' dir='ltr'>si</span> <span class='ocrx_word' id='word_1_85' title='bbox 541 1462 683 1522; x_wconf 88' lang='lat' dir='ltr'>quas</span> <span class='ocrx_word' id='word_1_86' title='bbox 725 1440 1041 1514; x_wconf 89' lang='lat' dir='ltr'>habebant,</span> <span class='ocrx_word' id='word_1_87' title='bbox 1089 1440 1447 1523; x_wconf 87' lang='lat' dir='ltr'>expilatorem</span> <span class='ocrx_word' id='word_1_88' title='bbox 1492 1438 1744 1499; x_wconf 83' lang='lat' dir='ltr'>exhibuit</span> <span class='ocrx_word' id='word_1_89' title='bbox 1771 1439 1917 1523; x_wconf 77' lang='lat'>(22).</span> 
     </span>
    </p>

    <p class='ocr_par' dir='ltr' id='par_1_5' title="bbox 243 1532 2098 2378">
     <span class='ocr_line' id='line_1_14' title="bbox 365 1532 2086 1615; baseline -0.003 -20"><span class='ocrx_word' id='word_1_90' title='bbox 365 1536 777 1596; x_wconf 86' lang='lat' dir='ltr'>Praetermissis</span> <span class='ocrx_word' id='word_1_91' title='bbox 807 1559 936 1597; x_wconf 85' lang='lat' dir='ltr'>vero</span> <span class='ocrx_word' id='word_1_92' title='bbox 966 1537 1320 1598; x_wconf 87' lang='lat' dir='ltr'>montanistis</span> <span class='ocrx_word' id='word_1_93' title='bbox 1365 1557 1478 1596; x_wconf 90' lang='lat' dir='ltr'>sec.</span> <span class='ocrx_word' id='word_1_94' title='bbox 1506 1536 1606 1594; x_wconf 88' lang='grc' dir='ltr'><strong>ΙΙΙ.</strong></span> <span class='ocrx_word' id='word_1_95' title='bbox 1636 1557 1670 1594; x_wconf 89' lang='lat' dir='ltr'>a</span> <span class='ocrx_word' id='word_1_96' title='bbox 1697 1534 1959 1595; x_wconf 89' lang='lat' dir='ltr'>Montano</span> <span class='ocrx_word' id='word_1_97' title='bbox 1987 1532 2086 1615; x_wconf 89' lang='lat' dir='ltr'>qui</span> 
     </span>
     <span class='ocr_line' id='line_1_15' title="bbox 245 1627 2098 1713; baseline -0.004 -21"><span class='ocrx_word' id='word_1_98' title='bbox 245 1654 307 1692; x_wconf 89' lang='lat' dir='ltr'>se</span> <span class='ocrx_word' id='word_1_99' title='bbox 328 1631 669 1691; x_wconf 85' lang='lat' dir='ltr'>Paracletum</span> <span class='ocrx_word' id='word_1_100' title='bbox 691 1653 792 1693; x_wconf 91' lang='lat' dir='ltr'>seu</span> <span class='ocrx_word' id='word_1_101' title='bbox 815 1630 1082 1713; x_wconf 90' lang='lat' dir='ltr'>Spiritum</span> <span class='ocrx_word' id='word_1_102' title='bbox 1119 1633 1379 1693; x_wconf 89' lang='lat' dir='ltr'>Sanctum</span> <span class='ocrx_word' id='word_1_103' title='bbox 1419 1629 1742 1690; x_wconf 83' lang='lat' dir='ltr'>venditabat</span> <span class='ocrx_word' id='word_1_104' title='bbox 1763 1677 1775 1701; x_wconf 91' lang='lat'>,</span> <span class='ocrx_word' id='word_1_105' title='bbox 1816 1627 2098 1707; x_wconf 78' lang='lat' dir='ltr'>originem-</span> 
     </span>
     <span class='ocr_line' id='line_1_16' title="bbox 243 1723 2090 1810; baseline -0.002 -26"><span class='ocrx_word' id='word_1_106' title='bbox 243 1726 598 1799; x_wconf 85' lang='lat' dir='ltr'>habentibus,</span> <span class='ocrx_word' id='word_1_107' title='bbox 622 1726 910 1787; x_wconf 87' lang='lat' dir='ltr'>Priscillae</span> <span class='ocrx_word' id='word_1_108' title='bbox 938 1741 991 1787; x_wconf 91' lang='lat' dir='ltr'>et</span> <span class='ocrx_word' id='word_1_109' title='bbox 1018 1726 1352 1793; x_wconf 81' lang='lat' dir='ltr'>Maximillae</span> <span class='ocrx_word' id='word_1_110' title='bbox 1386 1723 2090 1810; x_wconf 88' lang='lat' dir='ltr'>pseudoprophetissarum</span> 
     </span>
     <span class='ocr_line' id='line_1_17' title="bbox 244 1818 2092 1904; baseline -0.002 -25"><span class='ocrx_word' id='word_1_111' title='bbox 244 1820 519 1882; x_wconf 87' lang='lat' dir='ltr'>illecebris</span> <span class='ocrx_word' id='word_1_112' title='bbox 571 1822 750 1904; x_wconf 90' lang='lat' dir='ltr'>captis</span> <span class='ocrx_word' id='word_1_113' title='bbox 771 1871 783 1894; x_wconf 91' lang='lat'>,</span> <span class='ocrx_word' id='word_1_114' title='bbox 838 1823 1096 1884; x_wconf 90' lang='lat' dir='ltr'>mulieres</span> <span class='ocrx_word' id='word_1_115' title='bbox 1146 1823 1355 1904; x_wconf 90' lang='lat' dir='ltr'>pariter</span> <span class='ocrx_word' id='word_1_116' title='bbox 1395 1819 1785 1882; x_wconf 85' lang='lat' dir='ltr'>extollentibus</span> <span class='ocrx_word' id='word_1_117' title='bbox 1831 1841 1897 1878; x_wconf 90' lang='lat' dir='ltr'>ac</span> <span class='ocrx_word' id='word_1_118' title='bbox 1947 1818 2092 1878; x_wconf 88' lang='lat' dir='ltr'>dec-i·</span> 
     </span>
     <span class='ocr_line' id='line_1_18' title="bbox 245 1914 2093 2000; baseline -0.002 -24"><span class='ocrx_word' id='word_1_119' title='bbox 245 1917 526 1998; x_wconf 85' lang='lat' dir='ltr'>pientibus</span> <span class='ocrx_word' id='word_1_120' title='bbox 559 1918 706 1995; x_wconf 76' lang='lat'>(23),</span> <span class='ocrx_word' id='word_1_121' title='bbox 736 1916 1067 1999; x_wconf 82' lang='lat' dir='ltr'>Artotyritae</span> <span class='ocrx_word' id='word_1_122' title='bbox 1096 1940 1196 1979; x_wconf 86' lang='lat' dir='ltr'>seu</span> <span class='ocrx_word' id='word_1_123' title='bbox 1227 1917 1549 2000; x_wconf 89' lang='lat' dir='ltr'>Pepuziani,</span> <span class='ocrx_word' id='word_1_124' title='bbox 1586 1914 1980 1996; x_wconf 91' lang='lat' dir='ltr'>aequalitatem</span> <span class='ocrx_word' id='word_1_125' title='bbox 2008 1914 2093 1973; x_wconf 84' lang='lat' dir='ltr'>vi-</span> 
     </span>
     <span class='ocr_line' id='line_1_19' title="bbox 245 2009 2090 2094; baseline -0.002 -23"><span class='ocrx_word' id='word_1_126' title='bbox 245 2034 431 2072; x_wconf 90' lang='lat' dir='ltr'>rorum</span> <span class='ocrx_word' id='word_1_127' title='bbox 466 2035 531 2072; x_wconf 93' lang='lat' dir='ltr'>ac</span> <span class='ocrx_word' id='word_1_128' title='bbox 571 2012 864 2072; x_wconf 90' lang='lat' dir='ltr'>mulierum</span> <span class='ocrx_word' id='word_1_129' title='bbox 900 2013 1357 2094; x_wconf 79' lang='lat' dir='ltr'>propugnabant,</span> <span class='ocrx_word' id='word_1_130' title='bbox 1398 2011 1658 2071; x_wconf 90' lang='lat' dir='ltr'>mulieres</span> <span class='ocrx_word' id='word_1_131' title='bbox 1689 2011 1747 2069; x_wconf 91' lang='lat' dir='ltr'>in</span> <span class='ocrx_word' id='word_1_132' title='bbox 1781 2009 2090 2070; x_wconf 86' lang='lat' dir='ltr'>libertatem</span> 
     </span>
     <span class='ocr_line' id='line_1_20' title="bbox 251 2105 2094 2190; baseline -0.002 -22"><span class='ocrx_word' id='word_1_133' title='bbox 251 2108 602 2179; x_wconf 86' lang='lat' dir='ltr'>asserebant,</span> <span class='ocrx_word' id='word_1_134' title='bbox 653 2129 717 2168; x_wconf 88' lang='lat' dir='ltr'>ac</span> <span class='ocrx_word' id='word_1_135' title='bbox 759 2107 1013 2189; x_wconf 91' lang='lat' dir='ltr'>iniquum</span> <span class='ocrx_word' id='word_1_136' title='bbox 1052 2109 1378 2169; x_wconf 89' lang='lat' dir='ltr'>asserebant</span> <span class='ocrx_word' id='word_1_137' title='bbox 1418 2107 1544 2167; x_wconf 92' lang='lat' dir='ltr'>illas</span> <span class='ocrx_word' id='word_1_138' title='bbox 1580 2105 1686 2167; x_wconf 91' lang='lat' dir='ltr'>sub</span> <span class='ocrx_word' id='word_1_139' title='bbox 1719 2106 1964 2166; x_wconf 85' lang='lat' dir='ltr'>virorum</span> <span class='ocrx_word' id='word_1_140' title='bbox 1994 2126 2094 2190; x_wconf 81' lang='lat' dir='ltr'>po-</span> 
     </span>
     <span class='ocr_line' id='line_1_21' title="bbox 248 2202 2093 2285; baseline -0.002 -21"><span class='ocrx_word' id='word_1_141' title='bbox 248 2217 443 2264; x_wconf 85' lang='lat' dir='ltr'>testate</span> <span class='ocrx_word' id='word_1_142' title='bbox 474 2204 761 2275; x_wconf 57' lang='lat' dir='ltr'>detinere,;</span> <span class='ocrx_word' id='word_1_143' title='bbox 811 2203 945 2264; x_wconf 90' lang='lat' dir='ltr'>hinc</span> <span class='ocrx_word' id='word_1_144' title='bbox 987 2204 1248 2264; x_wconf 90' lang='lat' dir='ltr'>mulieres</span> <span class='ocrx_word' id='word_1_145' title='bbox 1292 2204 1460 2264; x_wconf 91' lang='lat' dir='ltr'>etiam</span> <span class='ocrx_word' id='word_1_146' title='bbox 1500 2203 1558 2261; x_wconf 92' lang='lat' dir='ltr'>in</span> <span class='ocrx_word' id='word_1_147' title='bbox 1600 2202 1985 2285; x_wconf 89' lang='lat' dir='ltr'>episcopissas</span> <span class='ocrx_word' id='word_1_148' title='bbox 2027 2223 2093 2261; x_wconf 90' lang='lat' dir='ltr'>ac</span> 
     </span>
     <span class='ocr_line' id='line_1_22' title="bbox 248 2286 1281 2378; baseline -0.002 -18"><span class='ocrx_word' id='word_1_149' title='bbox 248 2300 652 2360; x_wconf 73' lang='lat' dir='ltr'>sacerdotissae</span> <span class='ocrx_word' id='word_1_150' title='bbox 696 2286 1095 2360; x_wconf 86' lang='lat' dir='ltr'>consecrabant</span> <span class='ocrx_word' id='word_1_151' title='bbox 1134 2302 1281 2378; x_wconf 69' lang='lat'>(24).</span> 
     </span>
    </p>

    <p class='ocr_par' dir='ltr' id='par_1_6' title="bbox 248 2395 2097 2670">
     <span class='ocr_line' id='line_1_23' title="bbox 368 2395 2095 2476; baseline -0.001 -23"><span class='ocrx_word' id='word_1_152' title='bbox 368 2396 487 2455; x_wconf 92' lang='lat' dir='ltr'>Non</span> <span class='ocrx_word' id='word_1_153' title='bbox 531 2396 750 2467; x_wconf 79' lang='lat' dir='ltr'>minuS‚</span> <span class='ocrx_word' id='word_1_154' title='bbox 808 2396 920 2456; x_wconf 92' lang='lat' dir='ltr'>imo</span> <span class='ocrx_word' id='word_1_155' title='bbox 963 2396 1143 2476; x_wconf 80' lang='lat' dir='ltr'>magis</span> <span class='ocrx_word' id='word_1_156' title='bbox 1190 2395 1547 2457; x_wconf 88' lang='lat' dir='ltr'>insaniebant</span> <span class='ocrx_word' id='word_1_157' title='bbox 1600 2395 1794 2456; x_wconf 90' lang='lat' dir='ltr'>eodem</span> <span class='ocrx_word' id='word_1_158' title='bbox 1848 2407 2095 2476; x_wconf 90' lang='lat' dir='ltr'>tempore</span> 
     </span>
     <span class='ocr_line' id='line_1_24' title="bbox 248 2489 2096 2573; baseline -0.001 -24"><span class='ocrx_word' id='word_1_159' title='bbox 248 2490 540 2562; x_wconf 84' lang='lat' dir='ltr'>Antitacti‚</span> <span class='ocrx_word' id='word_1_160' title='bbox 589 2493 686 2573; x_wconf 90' lang='lat' dir='ltr'>qui</span> <span class='ocrx_word' id='word_1_161' title='bbox 739 2489 998 2551; x_wconf 85' lang='lat' dir='ltr'>lascivias</span> <span class='ocrx_word' id='word_1_162' title='bbox 1042 2491 1392 2552; x_wconf 88' lang='lat' dir='ltr'>omnimodas</span> <span class='ocrx_word' id='word_1_163' title='bbox 1444 2492 1587 2551; x_wconf 90' lang='lat' dir='ltr'>inter</span> <span class='ocrx_word' id='word_1_164' title='bbox 1634 2491 1821 2552; x_wconf 85' lang='lat' dir='ltr'>officia</span> <span class='ocrx_word' id='word_1_165' title='bbox 1862 2489 2096 2550; x_wconf 87' lang='lat' dir='ltr'>moralia</span> 
     </span>
     <span class='ocr_line' id='line_1_25' title="bbox 250 2577 2097 2670; baseline -0.001 -25"><span class='ocrx_word' id='word_1_166' title='bbox 250 2577 640 2659; x_wconf 83' lang='lat' dir='ltr'>recensebant,</span> <span class='ocrx_word' id='word_1_167' title='bbox 667 2609 733 2649; x_wconf 91' lang='lat' dir='ltr'>eo</span> <span class='ocrx_word' id='word_1_168' title='bbox 755 2588 904 2670; x_wconf 91' lang='lat' dir='ltr'>quod</span> <span class='ocrx_word' id='word_1_169' title='bbox 926 2599 1343 2669; x_wconf 89' lang='lat' dir='ltr'>opponerentur</span> <span class='ocrx_word' id='word_1_170' title='bbox 1359 2587 1471 2668; x_wconf 81' lang='lat' dir='ltr'>legi</span> <span class='ocrx_word' id='word_1_171' title='bbox 1495 2588 1667 2649; x_wconf 87' lang='lat' dir='ltr'>Mosis</span> <span class='ocrx_word' id='word_1_172' title='bbox 1683 2635 1696 2660; x_wconf 89' lang='lat'>‚</span> <span class='ocrx_word' id='word_1_173' title='bbox 1732 2608 1878 2669; x_wconf 87' lang='lat' dir='ltr'>quae</span> <span class='ocrx_word' id='word_1_174' title='bbox 1905 2598 2097 2667; x_wconf 89' lang='lat' dir='ltr'>utpote</span> 
     </span>
    </p>
   </div>
   <div class='ocr_carea' id='block_1_3' title="bbox 249 2824 2097 2945">
    <p class='ocr_par' dir='ltr' id='par_1_7' title="bbox 249 2824 2097 2945">
     <span class='ocr_line' id='line_1_26' title="bbox 368 2824 2097 2901; baseline -0.002 -34"><span class='ocrx_word' id='word_1_175' title='bbox 368 2826 449 2877; x_wconf 90' lang='grc' dir='ltr'>(2ο)</span> <span class='ocrx_word' id='word_1_176' title='bbox 477 2826 538 2867; x_wconf 81' lang='lat' dir='ltr'>Cf.</span> <span class='ocrx_word' id='word_1_177' title='bbox 568 2826 765 2868; x_wconf 81' lang='lat' dir='ltr'>clement.</span> <span class='ocrx_word' id='word_1_178' title='bbox 797 2827 910 2868; x_wconf 83' lang='lat' dir='ltr'>Alex.</span> <span class='ocrx_word' id='word_1_179' title='bbox 933 2829 1141 2869; x_wconf 77' lang='lat' dir='ltr'>Stromat.</span> <span class='ocrx_word' id='word_1_180' title='bbox 1163 2827 1235 2868; x_wconf 90' lang='lat' dir='ltr'>lib.</span> <span class='ocrx_word' id='word_1_181' title='bbox 1257 2829 1327 2869; x_wconf 91' lang='lat'>111.</span> <span class='ocrx_word' id='word_1_182' title='bbox 1353 2826 1417 2868; x_wconf 89' lang='lat' dir='ltr'>ed.</span> <span class='ocrx_word' id='word_1_183' title='bbox 1441 2827 1569 2868; x_wconf 83' lang='lat' dir='ltr'>Paris.</span> <span class='ocrx_word' id='word_1_184' title='bbox 1606 2829 1719 2869; x_wconf 83' lang='grc'><strong>1641.</strong></span> <span class='ocrx_word' id='word_1_185' title='bbox 1748 2836 1840 2879; x_wconf 86' lang='lat' dir='ltr'>pag.</span> <span class='ocrx_word' id='word_1_186' title='bbox 1868 2826 1962 2866; x_wconf 79' lang='grc'><strong>428.</strong></span> <span class='ocrx_word' id='word_1_187' title='bbox 1996 2824 2097 2901; x_wconf 85' lang='lat' dir='ltr'>Item</span> 
     </span>
     <span class='ocr_line' id='line_1_27' title="bbox 249 2891 1003 2945; baseline 0.004 -14"><span class='ocrx_word' id='word_1_188' title='bbox 249 2903 283 2931; x_wconf 87' lang='lat' dir='ltr'>s</span> <span class='ocrx_word' id='word_1_189' title='bbox 302 2891 500 2945; x_wconf 85' lang='lat' dir='ltr'>Epiphan.</span> <span class='ocrx_word' id='word_1_190' title='bbox 522 2894 879 2934; x_wconf 78' lang='lat' dir='ltr'>Haeres.XXV11.</span> <span class='ocrx_word' id='word_1_191' title='bbox 902 2904 944 2933; x_wconf 95' lang='grc' dir='ltr'>ιι.</span> <span class='ocrx_word' id='word_1_192' title='bbox 966 2900 1003 2935; x_wconf 88' lang='lat'>5.</span> 
     </span>
    </p>
   </div>
   <div class='ocr_carea' id='block_1_4' title="bbox 248 2956 2103 3408">
    <p class='ocr_par' dir='ltr' id='par_1_8' title="bbox 248 2956 2100 3077">
     <span class='ocr_line' id='line_1_28' title="bbox 374 2956 2100 3012; baseline -0.001 -15"><span class='ocrx_word' id='word_1_193' title='bbox 374 2957 456 3007; x_wconf 78' lang='grc'>(21)</span> <span class='ocrx_word' id='word_1_194' title='bbox 481 2959 541 2998; x_wconf 91' lang='lat' dir='ltr'>De</span> <span class='ocrx_word' id='word_1_195' title='bbox 572 2958 636 2997; x_wconf 89' lang='lat' dir='ltr'>his</span> <span class='ocrx_word' id='word_1_196' title='bbox 666 2958 807 2998; x_wconf 84' lang='lat' dir='ltr'>scribit</span> <span class='ocrx_word' id='word_1_197' title='bbox 837 2960 967 2999; x_wconf 89' lang='lat' dir='ltr'>Clem.</span> <span class='ocrx_word' id='word_1_198' title='bbox 986 2960 1101 3001; x_wconf 81' lang='lat' dir='ltr'>Alex.</span> <span class='ocrx_word' id='word_1_199' title='bbox 1121 2959 1194 3000; x_wconf 87' lang='lat' dir='ltr'>lib.</span> <span class='ocrx_word' id='word_1_200' title='bbox 1214 2962 1286 3001; x_wconf 87' lang='lat'>111.</span> <span class='ocrx_word' id='word_1_201' title='bbox 1302 2961 1458 3001; x_wconf 80' lang='lat' dir='ltr'>strom.</span> <span class='ocrx_word' id='word_1_202' title='bbox 1480 2971 1572 3012; x_wconf 84' lang='lat' dir='ltr'>pag.</span> <span class='ocrx_word' id='word_1_203' title='bbox 1594 2962 1683 3001; x_wconf 80' lang='grc'><strong>437.</strong></span> <span class='ocrx_word' id='word_1_204' title='bbox 1706 2959 1804 2999; x_wconf 89' lang='lat' dir='ltr'>item</span> <span class='ocrx_word' id='word_1_205' title='bbox 1823 2956 2100 2999; x_wconf 81' lang='lat' dir='ltr'>Theodoretus</span> 
     </span>
     <span class='ocr_line' id='line_1_29' title="bbox 248 3021 1737 3077; baseline 0.002 -16"><span class='ocrx_word' id='word_1_206' title='bbox 248 3023 424 3062; x_wconf 78' lang='lat' dir='ltr'>Haeret</span> <span class='ocrx_word' id='word_1_207' title='bbox 437 3021 590 3071; x_wconf 82' lang='lat' dir='ltr'>fabul.</span> <span class='ocrx_word' id='word_1_208' title='bbox 611 3023 681 3062; x_wconf 89' lang='lat' dir='ltr'>lib.</span> <span class='ocrx_word' id='word_1_209' title='bbox 702 3026 734 3063; x_wconf 95' lang='grc' dir='ltr'><strong>Ι.</strong></span> <span class='ocrx_word' id='word_1_210' title='bbox 758 3035 793 3064; x_wconf 89' lang='lat' dir='ltr'>c.</span> <span class='ocrx_word' id='word_1_211' title='bbox 812 3030 850 3063; x_wconf 82' lang='lat'>6.</span> <span class='ocrx_word' id='word_1_212' title='bbox 875 3027 935 3064; x_wconf 86' lang='lat' dir='ltr'>De</span> <span class='ocrx_word' id='word_1_213' title='bbox 953 3024 1161 3073; x_wconf 82' lang='lat' dir='ltr'>Prodico;</span> <span class='ocrx_word' id='word_1_214' title='bbox 1184 3036 1217 3065; x_wconf 88' lang='lat' dir='ltr'>s.</span> <span class='ocrx_word' id='word_1_215' title='bbox 1230 3026 1429 3077; x_wconf 86' lang='lat' dir='ltr'>Epiphan.</span> <span class='ocrx_word' id='word_1_216' title='bbox 1450 3028 1631 3066; x_wconf 80' lang='lat' dir='ltr'>Haeres.</span> <span class='ocrx_word' id='word_1_217' title='bbox 1650 3026 1737 3065; x_wconf 87' lang='lat' dir='ltr'>L11.</span> 
     </span>
    </p>

    <p class='ocr_par' dir='ltr' id='par_1_9' title="bbox 369 3067 2097 3141">
     <span class='ocr_line' id='line_1_30' title="bbox 369 3067 2097 3141; baseline -0.001 -13"><span class='ocrx_word' id='word_1_218' title='bbox 369 3088 451 3138; x_wconf 88' lang='grc'>(22)</span> <span class='ocrx_word' id='word_1_219' title='bbox 479 3090 537 3128; x_wconf 91' lang='lat' dir='ltr'>De</span> <span class='ocrx_word' id='word_1_220' title='bbox 556 3089 705 3139; x_wconf 87' lang='lat' dir='ltr'>quibus</span> <span class='ocrx_word' id='word_1_221' title='bbox 721 3090 810 3129; x_wconf 81' lang='lat' dir='ltr'>ruse</span> <span class='ocrx_word' id='word_1_222' title='bbox 830 3089 911 3140; x_wconf 87' lang='lat' dir='ltr'>agit</span> <span class='ocrx_word' id='word_1_223' title='bbox 929 3100 962 3130; x_wconf 86' lang='lat' dir='ltr'>s.</span> <span class='ocrx_word' id='word_1_224' title='bbox 979 3091 1167 3130; x_wconf 89' lang='lat' dir='ltr'>Irenaeus</span> <span class='ocrx_word' id='word_1_225' title='bbox 1186 3090 1255 3130; x_wconf 91' lang='lat' dir='ltr'>lib.</span> <span class='ocrx_word' id='word_1_226' title='bbox 1268 3091 1301 3130; x_wconf 94' lang='lat' dir='ltr'>I.</span> <span class='ocrx_word' id='word_1_227' title='bbox 1320 3101 1357 3130; x_wconf 89' lang='lat' dir='ltr'>c.</span> <span class='ocrx_word' id='word_1_228' title='bbox 1371 3095 1432 3130; x_wconf 81' lang='lat'>13.</span> <span class='ocrx_word' id='word_1_229' title='bbox 1443 3091 1485 3130; x_wconf 89' lang='lat' dir='ltr'>et</span> <span class='ocrx_word' id='word_1_230' title='bbox 1502 3101 1536 3131; x_wconf 86' lang='lat' dir='ltr'>s</span> <span class='ocrx_word' id='word_1_231' title='bbox 1549 3090 1748 3141; x_wconf 88' lang='lat' dir='ltr'>Epiphan.</span> <span class='ocrx_word' id='word_1_232' title='bbox 1759 3067 1938 3130; x_wconf 80' lang='lat' dir='ltr'>Haeres</span> <span class='ocrx_word' id='word_1_233' title='bbox 1953 3089 2097 3128; x_wconf 82' lang='lat' dir='ltr'>xxlv.</span> 
     </span>
    </p>

    <p class='ocr_par' dir='ltr' id='par_1_10' title="bbox 250 3154 2103 3408">
     <span class='ocr_line' id='line_1_31' title="bbox 371 3154 2097 3207; baseline -0.001 -12"><span class='ocrx_word' id='word_1_234' title='bbox 371 3154 452 3205; x_wconf 83' lang='lat'><strong>(23)</strong></span> <span class='ocrx_word' id='word_1_235' title='bbox 478 3155 544 3195; x_wconf 91' lang='lat' dir='ltr'>Sic</span> <span class='ocrx_word' id='word_1_236' title='bbox 572 3155 679 3195; x_wconf 90' lang='lat' dir='ltr'>enim</span> <span class='ocrx_word' id='word_1_237' title='bbox 704 3157 941 3196; x_wconf 87' lang='lat' dir='ltr'>Montanum</span> <span class='ocrx_word' id='word_1_238' title='bbox 973 3167 1112 3196; x_wconf 88' lang='lat' dir='ltr'>severe</span> <span class='ocrx_word' id='word_1_239' title='bbox 1145 3155 1429 3207; x_wconf 78' lang='lat' dir='ltr'>interpellabat</span> <span class='ocrx_word' id='word_1_240' title='bbox 1454 3155 1754 3207; x_wconf 64' lang='lat' dir='ltr'>Apollonium«</span> <span class='ocrx_word' id='word_1_241' title='bbox 1735 3155 1846 3196; x_wconf 76' lang='lat' dir='ltr'>«Dic</span> <span class='ocrx_word' id='word_1_242' title='bbox 1863 3154 1987 3205; x_wconf 86' lang='lat' dir='ltr'>mihi,</span> <span class='ocrx_word' id='word_1_243' title='bbox 2008 3164 2097 3205; x_wconf 84' lang='lat' dir='ltr'>pro·</span> 
     </span>
     <span class='ocr_line' id='line_1_32' title="bbox 251 3219 2097 3275; baseline 0 -15"><span class='ocrx_word' id='word_1_244' title='bbox 251 3220 374 3273; x_wconf 87' lang='lat' dir='ltr'>pheta</span> <span class='ocrx_word' id='word_1_245' title='bbox 384 3232 435 3261; x_wconf 89' lang='lat' dir='ltr'>ne</span> <span class='ocrx_word' id='word_1_246' title='bbox 453 3232 613 3262; x_wconf 88' lang='lat' dir='ltr'>comam</span> <span class='ocrx_word' id='word_1_247' title='bbox 639 3222 845 3263; x_wconf 87' lang='lat' dir='ltr'>coloribus</span> <span class='ocrx_word' id='word_1_248' title='bbox 862 3222 1013 3273; x_wconf 75' lang='lat' dir='ltr'>tingit?</span> <span class='ocrx_word' id='word_1_249' title='bbox 1031 3223 1234 3275; x_wconf 84' lang='lat' dir='ltr'>Propheta</span> <span class='ocrx_word' id='word_1_250' title='bbox 1250 3233 1300 3262; x_wconf 90' lang='lat' dir='ltr'>ne</span> <span class='ocrx_word' id='word_1_251' title='bbox 1319 3223 1555 3275; x_wconf 86' lang='lat' dir='ltr'>sumptuose</span> <span class='ocrx_word' id='word_1_252' title='bbox 1571 3224 1611 3263; x_wconf 88' lang='lat' dir='ltr'>et</span> <span class='ocrx_word' id='word_1_253' title='bbox 1629 3222 1779 3264; x_wconf 85' lang='lat' dir='ltr'>vestitu</span> <span class='ocrx_word' id='word_1_254' title='bbox 1799 3219 2015 3274; x_wconf 87' lang='lat' dir='ltr'>splendido</span> <span class='ocrx_word' id='word_1_255' title='bbox 2035 3231 2097 3261; x_wconf 86' lang='lat' dir='ltr'>or-</span> 
     </span>
     <span class='ocr_line' id='line_1_33' title="bbox 250 3288 2099 3341; baseline -0.001 -14"><span class='ocrx_word' id='word_1_256' title='bbox 250 3288 371 3328; x_wconf 86' lang='lat' dir='ltr'>natus</span> <span class='ocrx_word' id='word_1_257' title='bbox 400 3288 583 3328; x_wconf 81' lang='lat' dir='ltr'>incedit?</span> <span class='ocrx_word' id='word_1_258' title='bbox 610 3289 813 3340; x_wconf 87' lang='lat' dir='ltr'>Propheta</span> <span class='ocrx_word' id='word_1_259' title='bbox 831 3299 882 3329; x_wconf 93' lang='lat' dir='ltr'>ne</span> <span class='ocrx_word' id='word_1_260' title='bbox 900 3288 1051 3329; x_wconf 86' lang='lat' dir='ltr'>tabulis</span> <span class='ocrx_word' id='word_1_261' title='bbox 1070 3299 1118 3329; x_wconf 84' lang='lat' dir='ltr'>ac</span> <span class='ocrx_word' id='word_1_262' title='bbox 1136 3289 1298 3330; x_wconf 64' lang='lat' dir='ltr'>tesseris</span> <span class='ocrx_word' id='word_1_263' title='bbox 1313 3288 1443 3330; x_wconf 77' lang='lat' dir='ltr'>ludit?</span> <span class='ocrx_word' id='word_1_264' title='bbox 1461 3289 1662 3341; x_wconf 85' lang='lat' dir='ltr'>Propheta</span> <span class='ocrx_word' id='word_1_265' title='bbox 1681 3300 1732 3329; x_wconf 87' lang='lat' dir='ltr'>ne</span> <span class='ocrx_word' id='word_1_266' title='bbox 1750 3288 1894 3329; x_wconf 81' lang='lat' dir='ltr'>foenus</span> <span class='ocrx_word' id='word_1_267' title='bbox 1911 3289 2099 3329; x_wconf 79' lang='lat' dir='ltr'>exercet?</span> 
     </span>
     <span class='ocr_line' id='line_1_34' title="bbox 251 3354 2103 3408; baseline -0.001 -15"><span class='ocrx_word' id='word_1_268' title='bbox 251 3355 334 3394; x_wconf 88' lang='lat' dir='ltr'>Ista</span> <span class='ocrx_word' id='word_1_269' title='bbox 352 3365 449 3395; x_wconf 91' lang='lat' dir='ltr'>vero</span> <span class='ocrx_word' id='word_1_270' title='bbox 469 3354 570 3395; x_wconf 86' lang='lat' dir='ltr'>mihi</span> <span class='ocrx_word' id='word_1_271' title='bbox 595 3355 796 3396; x_wconf 77' lang='lat' dir='ltr'>fateantur</span> <span class='ocrx_word' id='word_1_272' title='bbox 813 3357 855 3396; x_wconf 89' lang='lat' dir='ltr'>et</span> <span class='ocrx_word' id='word_1_273' title='bbox 870 3355 1030 3406; x_wconf 88' lang='lat' dir='ltr'>dicant,</span> <span class='ocrx_word' id='word_1_274' title='bbox 1063 3357 1202 3396; x_wconf 90' lang='lat' dir='ltr'>utrum</span> <span class='ocrx_word' id='word_1_275' title='bbox 1234 3356 1355 3397; x_wconf 88' lang='lat' dir='ltr'>liceat</span> <span class='ocrx_word' id='word_1_276' title='bbox 1383 3366 1599 3408; x_wconf 86' lang='lat' dir='ltr'>usurpare,</span> <span class='ocrx_word' id='word_1_277' title='bbox 1621 3356 1693 3397; x_wconf 87' lang='lat' dir='ltr'>aut</span> <span class='ocrx_word' id='word_1_278' title='bbox 1710 3356 1864 3396; x_wconf 85' lang='lat' dir='ltr'>contra</span> <span class='ocrx_word' id='word_1_279' title='bbox 1883 3357 1967 3405; x_wconf 82' lang='lat' dir='ltr'>Ego</span> <span class='ocrx_word' id='word_1_280' title='bbox 1993 3354 2103 3393; x_wconf 82' lang='lat' dir='ltr'>certe</span> 
     </span>
    </p>
   </div>
   <div class='ocr_carea' id='block_1_5' title="bbox 255 3420 2097 3529">
    <p class='ocr_par' dir='ltr' id='par_1_11' title="bbox 255 3420 2097 3529">
     <span class='ocr_line' id='line_1_35' title="bbox 255 3420 2097 3527; baseline -0.001 -67"><span class='ocrx_word' id='word_1_281' title='bbox 255 3420 353 3461; x_wconf 86' lang='lat' dir='ltr'>haec</span> <span class='ocrx_word' id='word_1_282' title='bbox 371 3420 479 3527; x_wconf 64' lang='lat' dir='ltr'>appd</span> <span class='ocrx_word' id='word_1_283' title='bbox 498 3420 590 3461; x_wconf 88' lang='lat' dir='ltr'>illas</span> <span class='ocrx_word' id='word_1_284' title='bbox 610 3421 939 3474; x_wconf 83' lang='lat' dir='ltr'>(prophetissas)</span> <span class='ocrx_word' id='word_1_285' title='bbox 972 3421 1154 3463; x_wconf 79' lang='lat' dir='ltr'>factitata</span> <span class='ocrx_word' id='word_1_286' title='bbox 1187 3422 1380 3474; x_wconf 80' lang='lat' dir='ltr'>perfacile</span> <span class='ocrx_word' id='word_1_287' title='bbox 1409 3420 1661 3464; x_wconf 81' lang='lat' dir='ltr'>ostendam.»</span> <span class='ocrx_word' id='word_1_288' title='bbox 1677 3421 1792 3475; x_wconf 78' lang='lat' dir='ltr'>Apud</span> <span class='ocrx_word' id='word_1_289' title='bbox 1816 3420 1962 3462; x_wconf 84' lang='lat' dir='ltr'>Euseb.</span> <span class='ocrx_word' id='word_1_290' title='bbox 1984 3421 2097 3460; x_wconf 80' lang='lat' dir='ltr'>Hist</span> 
     </span>
     <span class='ocr_line' id='line_1_36' title="bbox 255 3487 663 3529; baseline 0.005 -2"><span class='ocrx_word' id='word_1_291' title='bbox 255 3487 358 3528; x_wconf 78' lang='lat' dir='ltr'>eccl.</span> <span class='ocrx_word' id='word_1_292' title='bbox 377 3487 405 3527; x_wconf 90' lang='lat' dir='ltr'>li</span> <span class='ocrx_word' id='word_1_293' title='bbox 469 3489 521 3528; x_wconf 81' lang='lat' dir='ltr'>V.</span> <span class='ocrx_word' id='word_1_294' title='bbox 538 3498 575 3528; x_wconf 88' lang='lat' dir='ltr'>e.</span> <span class='ocrx_word' id='word_1_295' title='bbox 602 3492 663 3529; x_wconf 86' lang='grc'><strong>17.</strong></span> 
     </span>
    </p>
   </div>
   <div class='ocr_carea' id='block_1_6' title="bbox 371 3553 1173 3607">
    <p class='ocr_par' dir='ltr' id='par_1_12' title="bbox 371 3553 1173 3607">
     <span class='ocr_line' id='line_1_37' title="bbox 371 3553 1173 3607; baseline -0.001 -13"><span class='ocrx_word' id='word_1_296' title='bbox 371 3553 454 3604; x_wconf 75' lang='grc'>(24)</span> <span class='ocrx_word' id='word_1_297' title='bbox 480 3554 543 3595; x_wconf 81' lang='lat' dir='ltr'>cf.</span> <span class='ocrx_word' id='word_1_298' title='bbox 566 3566 598 3595; x_wconf 90' lang='lat' dir='ltr'>s.</span> <span class='ocrx_word' id='word_1_299' title='bbox 617 3554 812 3607; x_wconf 82' lang='lat' dir='ltr'>Epiphan.</span> <span class='ocrx_word' id='word_1_300' title='bbox 835 3557 1007 3596; x_wconf 70' lang='lat' dir='ltr'>Haeoes.</span> <span class='ocrx_word' id='word_1_301' title='bbox 1032 3556 1173 3597; x_wconf 76' lang='lat' dir='ltr'>xux.</span> 
     </span>
    </p>
   </div>
  </div>
 </body>
</html>
