2320 4030
335 293 407 349 44
605 311 703 350 Lm.
742 309 819 347 111.
857 306 998 346 sacr.
1036 308 1074 345 1.
1103 308 1166 345 oi:
1199 308 1354 346 MATR.
1388 307 1592 347 cnms'r.
1627 307 1865 349 omum.

329 407 612 466 conducere
655 426 876 464 umorem
902 450 917 473 ,
965 406 1064 461 uni
1111 407 1226 463 viro
1271 417 1477 474 creatO,
1529 404 1733 464 multas
1777 406 2177 468 conformasset

329 503 588 561 mulieres
626 525 636 558 :
701 523 849 560 nunc
903 522 1033 560 vero
1076 514 1130 559 et
1172 501 1468 560 creationis
1512 515 1564 559 et
1609 502 1914 561 sanctionis
1968 504 2172 574 mod0,

326 620 489 656 unam
524 598 623 654 uni
655 609 913 676 perpetuo
952 597 1208 676 com‘unqi
1239 610 1287 654 et
1325 619 1616 676 numquam
1657 598 1895 657 rescindi
1933 612 2182 679 oportere

330 692 616 773 perdocuit
643 694 871 770 (105).»
895 692 976 750 Ex
1011 692 1216 773 quibus
1253 705 1402 773 patet
1431 715 1479 751 S.
1504 694 1582 752 Io.
1609 693 2005 774 Chrysostomo
2035 694 2181 755 hanc

327 789 548 848 stetisse
580 803 852 861 mentem,
891 790 1067 850 solam
1100 790 1252 848 illam
1291 789 1667 871 polygamiam
1706 791 1927 850 vetitam
1971 791 2175 862 fuisse,

325 907 469 965 quae
514 885 870 945 induceretur
922 886 991 944 ad
1040 886 1339 945 divortium
1386 907 1486 945 seu
1529 887 1818 967 repudium
1866 887 2181 945 faciendum

326 981 527 1060 prioris
571 981 760 1040 uxoris
792 1029 804 1052 ,
852 981 1104 1062 adeoque
1152 981 1398 1041 laesione
1450 980 1601 1041 illius
1654 982 1792 1042 iuris
1846 983 1994 1063 quod
2045 983 2184 1043 haec

326 1079 684 1159 acquisierat.
714 1079 834 1138 Non
867 1079 976 1139 sibi
1011 1079 1245 1159 proinde
1275 1079 1634 1149 contradicit,
1669 1101 1791 1138 cum
1828 1080 2021 1139 scribit
2051 1081 2181 1140 olim

325 1174 700 1256 polygamiam
760 1175 936 1234 fuisse
994 1176 1328 1257 permissam
1376 1176 1488 1234 illis
1533 1175 1754 1247 verbiS‚
1809 1199 1954 1258 quae
2007 1200 2185 1259 nuper

326 1271 644 1330 attulimus:
680 1271 873 1341 «Quia
910 1272 1187 1353 principia
1218 1286 1409 1343 erant,
1453 1274 1779 1353 permissum
1814 1274 1922 1353 fuit
1950 1276 2178 1352 (106).»

446 1368 536 1426 Sic
578 1369 743 1427 etiam
786 1391 833 1427 s,
863 1368 1208 1448 Augustinus
1252 1369 1553 1448 legitimam
1587 1390 1687 1450 pro
1719 1368 1816 1427 illa
1853 1382 2029 1429 aetate
2059 1392 2187 1451 pro-

327 1463 610 1523 nunciavit
652 1464 1063 1545 polygamiam,
1113 1487 1258 1546 quae
1301 1465 1371 1523 de
1415 1487 1698 1524 consensu
1752 1464 1955 1545 prioris
1997 1466 2186 1525 uxoris

326 1559 514 1630 fieret,
563 1572 623 1618 ut
678 1560 838 1619 liberi
882 1575 1071 1620 essent
1112 1561 1334 1642 utrique
1378 1560 1792 1642 quodammodo
1837 1582 2178 1620 communes.

329 1657 412 1714 En
444 1656 566 1715 eius
607 1655 806 1716 verba:
843 1657 1063 1716 «Plane
1107 1658 1297 1717 uxoris
1346 1657 1628 1717 voluntate
1674 1656 1944 1716 adhibere
1986 1657 2181 1728 aliam,

324 1753 476 1811 unde
520 1774 842 1812 communes
884 1753 985 1811 filii
1025 1767 1328 1813 nascantur
1369 1753 1538 1812 unius
1581 1751 1974 1812 commixtione
2004 1775 2068 1813 ac
2099 1775 2186 1812 se-

325 1849 501 1920 mine,
546 1849 777 1909 alterius
823 1863 1008 1908 autem
1052 1850 1172 1909 iure
1203 1871 1266 1909 ac
1296 1863 1596 1932 potestate,
1633 1849 1780 1929 apud
1810 1850 2058 1928 antiquos
2083 1872 2187 1929 pa—

328 1956 431 2002 tres
461 1944 546 2004 fas
580 1958 702 2004 erat
738 1947 967 2023 (107).»
997 1944 1206 2004 Eadem
1238 1945 1450 2004 ratione
1485 1944 1620 2004 alibi
1663 1944 1811 2002 idem
1850 1966 1899 2003 s.
1924 1945 2083 2003 Pater
2113 1944 2189 2004 lo-

325 2041 517 2121 quitur
546 2066 572 2096 α
596 2041 817 2100 Nullam
860 2041 1025 2100 Iacob
1060 2041 1264 2121 legitur
1302 2042 1530 2122 petiisse
1574 2054 1791 2122 praeter
1833 2063 2034 2112 unam,
2085 2063 2186 2100 nec

326 2159 465 2196 usus
503 2138 761 2220 plurimis
794 2138 902 2198 nisi
936 2138 1249 2217 gignendae
1281 2138 1454 2219 prolis
1485 2137 1700 2209 officio,
1744 2136 2020 2216 coniugali
2066 2138 2187 2197 iure

327 2247 570 2306 servato,
619 2249 679 2294 ut
723 2257 902 2316 neque
946 2235 1052 2294 hoc
1097 2235 1334 2304 faceret,
1393 2236 1506 2293 nisi
1555 2256 1749 2293 uoeores
1801 2236 1914 2292 eius
1958 2234 2016 2291 id
2068 2235 2187 2314 fieri

325 2331 696 2412 flaqitassent‚
734 2354 868 2412 quae
904 2334 1139 2412 corporis
1169 2333 1283 2390 viri
1307 2333 1398 2390 sui
1428 2332 1692 2389 habebant
1726 2333 2019 2410 leqz'tz'mam
2035 2317 2184 2410 pote-

324 2439 515 2485 statem
551 2430 738 2505 (108).
765 2453 792 2484 »
822 2428 979 2486 Unde
1020 2450 1150 2487 vero
1202 2428 1518 2487 habuerunt
1559 2450 1759 2487 uxores
1784 2476 1795 2497 ‚
1855 2450 1952 2486 seu
2000 2428 2183 2508 potius

327 2523 479 2603 prior
510 2547 648 2584 uxor
677 2525 841 2584 Iacob
874 2525 1018 2584 hanc
1054 2525 1359 2605 legitimam
1407 2524 1603 2584 habuit
1648 2538 1972 2605 potestatem
2018 2546 2186 2605 super

324 2642 525 2701 corpus
555 2622 713 2693 eius,
751 2622 859 2680 nisi
891 2622 943 2679 vi
976 2621 1117 2701 legis
1164 2622 1219 2679 in
1267 2621 1466 2680 Genesi
1518 2621 1927 2701 promulgatae:
1977 2620 2185 2678 Adhae—

325 2717 463 2774 rebit
514 2720 680 2776 uxori
718 2740 845 2776 suae
874 2765 887 2786 ‚
938 2731 987 2776 et
1029 2731 1185 2776 erunt
1226 2718 1329 2775 duo
1361 2719 1418 2775 in
1449 2740 1606 2776 carne
1651 2718 1805 2774 una?
1844 2719 1910 2775 Et
1946 2718 2175 2775 iterum:

330 2812 660 2872 «Obediens
699 2814 1038 2893 (Abraham)
1079 2815 1334 2892 coniugi,
1373 2837 1516 2894 quae
1552 2836 1686 2872 suae
1732 2813 2034 2872 sterilitatis
2067 2834 2184 2871 cre-

326 2909 469 2967 didit
511 2932 635 2969 esse
681 2910 938 2969 solatium
964 2959 975 2981 ,
1013 2912 1059 2969 si
1106 2911 1439 2970 foecundum
1484 2910 1720 2969 ancillae
1763 2922 2010 2979 uterum,
2044 2931 2184 2988 quo-

329 3005 473 3063 niam
517 3018 713 3064 natura
745 3028 851 3064 non
887 3018 1124 3085 poterat,
1174 3006 1459 3065 voluntate
1504 3006 1705 3064 faceret
1749 3026 1908 3063 suum
1949 3006 2175 3080 (109>.»

446 3208 553 3256 (105)
581 3209 680 3247 Item
701 3209 845 3247 LXIII.
866 3208 906 3247 in
925 3208 1069 3247 Mam..
1084 3219 1122 3247 n.
1143 3206 1409 3248 t.ed.Nichli
1434 3213 1541 3247 1581.
1558 3206 1766 3246 edentem
1782 3208 2178 3247 Maur.IIom.LXlI.

444 3274 552 3324 (106)
583 3276 701 3313 Hom.
731 3276 836 3314 LVI.
865 3275 904 3313 in
933 3276 1078 3314 Genes.
1106 3274 1132 3313 l.
1155 3285 1189 3313 c.

444 3340 550 3387 (107)
581 3344 642 3380 De
674 3340 782 3379 bono
810 3340 1030 3391 coniuqal.
1052 3351 1140 3392 cap.
1159 3343 1245 3380 XV.
1267 3352 1305 3379 n.
1331 3343 1388 3380 17.

445 3406 554 3455 (108)
586 3409 644 3446 De
663 3408 788 3446 civit.
814 3409 914 3457 Dei,
934 3407 1125 3446 Iib.XV1.
1145 3417 1237 3457 cap,
1258 3408 1479 3446 XXXVIII.
1501 3418 1539 3445 n.
1565 3412 1600 3446 3.

447 3472 554 3521 (109)
584 3473 686 3512 Ibid.
717 3484 807 3524 cap.
830 3476 952 3513 XXV.
976 3475 1084 3513 Haec
1121 3474 1264 3512 melius
1299 3472 1521 3512 declaravit
1552 3483 1585 3512 s.
1613 3474 1762 3512 Doctor
1798 3473 1867 3512 lib.
1896 3475 2022 3512 XXII.
2057 3475 2176 3512 Cone,

330 3541 564 3589 Fauslum„
600 3551 636 3579 c.
661 3542 804 3580 XXXI.
825 3540 1024 3580 scribens:
1050 3557 1068 3574 «
1085 3540 1185 3586 Quis
1207 3540 1313 3579 enim
1342 3539 1471 3579 nescit
1502 3550 1670 3578 uxorem
1702 3539 1847 3579 marito
1874 3541 2081 3590 tamquam
2110 3539 2178 3578 ‹Io-

327 3606 435 3644 mIno
457 3606 601 3646 debere
622 3607 797 3647 servIre?
820 3606 895 3646 Sed
923 3606 1030 3657 quod
1058 3606 1108 3645 ad
1136 3606 1315 3646 membra
1350 3606 1531 3657 corporis
1569 3605 1735 3653 attinet,
1768 3605 1916 3656 quibus
1949 3616 2068 3644 sexus
2098 3605 2181 3654 ipse
