2320 4030
381 239 456 298 72
669 254 878 298 LlB.111.
915 251 1058 294 SECT.
1095 251 1133 301 1.
1171 251 1237 293 DE
1274 252 1433 295 MATR.
1467 252 1671 295 cnmsr.
1710 256 1952 298 UNi'rA'rE.

378 357 515 417 ritas
558 355 794 415 huiusce
837 353 1104 425 historiae
1140 352 1292 414 haud
1324 375 1488 434 aegre
1519 353 1664 413 inter
1691 376 1759 414 se
1783 356 2041 438 componi
2073 377 2244 438 posse

375 453 659 522 videntur,
698 451 744 510 si
778 462 1090 531 opportune
1132 450 1510 530 distinguatur
1552 451 1631 510 rei
1675 450 1989 513 substantia
2016 453 2087 513 ab
2117 454 2243 515 eius

375 547 678 608 adiunctis.
720 545 818 605 Rei
869 546 1186 607 substantia
1225 547 1283 605 in
1328 567 1393 607 eo
1437 547 1733 620 consistit,
1782 548 1933 630 quod
1976 571 2161 610 comes
2208 573 2243 611 a

374 645 640 705 Gleichen
673 644 729 702 in
762 667 866 704 sua
905 646 1260 726 expeditione
1291 644 1349 702 in
1376 668 1579 705 manus
1623 646 1935 706 infidelium
1967 647 2245 708 inciderit

375 755 543 822 atque
571 742 641 800 ab
674 742 875 801 iisdem
919 765 985 802 ex
1029 741 1345 802 Palaestina
1376 743 1432 800 in
1457 743 1769 825 Aegyptum
1807 743 2111 815 abductus,
2145 744 2243 803 ubi

372 838 491 897 filia
521 838 728 898 sultani
759 838 1097 899 Melechsala
1126 840 1247 898 eius
1281 861 1468 898 amore
1501 853 1664 921 capta
1696 841 1806 921 ipsi
1840 840 2112 900 evadendi
2142 863 2245 922 op-

371 935 772 1015 portunitatem
808 934 1074 995 obtulerit
1104 935 1408 995 dummodo
1441 957 1502 995 se
1530 936 1697 996 vellet
1726 937 2107 1018 in'coniugem
2139 938 2246 997 du-

372 1053 531 1105 cere3
568 1033 753 1115 quod,
792 1033 1097 1116 sponsione
1128 1032 1303 1104 facta,
1341 1031 1505 1092 ambo
1549 1032 1716 1091 simul
1760 1033 1949 1113 fugam
1994 1036 2246 1116 arripue-

373 1128 525 1202 rint,
579 1129 927 1211 Romamque
971 1150 1031 1188 se
1074 1128 1448 1200 contulerint,
1501 1140 1670 1209 atque
1711 1129 1913 1189 exinde
1957 1152 2144 1190 comes
2188 1131 2247 1189 in

370 1225 573 1305 vulgus
612 1227 881 1308 sparserit
916 1225 1232 1286 facultatem
1265 1247 1326 1285 se
1353 1247 1386 1285 a
1418 1247 1556 1285 rom.
1584 1226 1850 1306 pontifice
1879 1225 1984 1286 has
2019 1228 2246 1308 nuptias

372 1322 642 1402 iungendi
684 1322 1019 1395 obtinuisse,
1060 1322 1281 1383 vivente
1311 1321 1497 1381 adhuc
1534 1321 1704 1403 priori
1736 1344 1906 1382 uxore
1936 1344 2060 1383 sua.
2092 1323 2249 1394 Quae

372 1418 601 1499 quidem
646 1419 834 1478 omnia
878 1419 1046 1478 fidem
1091 1441 1203 1478 non
1249 1431 1532 1500 superant.
1570 1415 1671 1476 Ast
1700 1418 1854 1500 quod
1892 1440 2031 1478 rom.
2062 1420 2248 1502 ponti-

371 1514 461 1574 fex
503 1515 693 1596 reipsa
733 1515 1014 1576 secundas
1047 1516 1153 1575 has
1184 1515 1410 1598 nuptias
1442 1515 1493 1574 ei
1524 1513 1855 1587 indulserit,
1891 1515 2045 1576 nullo
2077 1517 2248 1577 modo

372 1610 591 1671 admitti
625 1624 825 1692 potest.
857 1612 997 1670 Nam
1029 1612 1194 1672 datae
1222 1612 1392 1672 huius
1425 1610 1709 1673 facultatis
1757 1611 1970 1672 nullum
2015 1635 2245 1695 prorsus

371 1720 520 1768 extat
553 1708 986 1781 documentum;
1024 1731 1188 1770 nemo
1218 1732 1367 1769 unus
1399 1731 1467 1769 ex
1496 1709 1745 1791 antiquis
1780 1732 1903 1770 eam
1937 1723 2039 1771 aut,
2063 1711 2249 1772 retulit

370 1815 467 1862 aut
489 1803 721 1876 obiecit;
752 1804 983 1864 Honorii
1002 1806 1101 1862 ΙΙΙ.
1117 1818 1180 1865 ut
1200 1804 1321 1865 vult
1336 1804 1648 1878 FabriciuS‚
1671 1805 1802 1865 fidei
1826 1827 1891 1866 ac
1913 1805 2249 1888 disciplinae

371 1901 613 1961 tuendae
657 1901 905 1960 studium
950 1900 1106 1960 nulla
1149 1902 1365 1961 ratione
1407 1902 1651 1983 patitur,
1687 1915 1750 1961 ut
1790 1902 1849 1961 id
1892 1903 2240 1963 admittatur.

370 1998 567 2079 Itaque
609 1998 889 2058 eiusmodi
932 1997 1191 2057 obtentae
1232 2000 1617 2059 concessionis
1649 2021 1839 2060 rumor
1868 2023 1934 2060 ex
1965 2014 2125 2082 parte
2155 2023 2249 2061 co-

370 2093 527 2154 mitis
559 2116 669 2154 non
702 2095 808 2153 fuit
838 2094 950 2153 nisi
983 2094 1274 2175 quaesitus
1300 2095 1452 2155 color
1473 2119 1585 2176 quo
1608 2110 1827 2178 turpem
1851 2121 2012 2158 suam
2044 2099 2245 2179 agendi

370 2192 644 2251 rationem
687 2203 927 2271 tegeret,
973 2204 1151 2251 aetate
1195 2191 1294 2250 illa
1336 2191 1488 2250 haud
1534 2192 1805 2253 insolens.
1847 2195 2008 2265 Quod
2040 2196 2129 2256 vel
2161 2196 2249 2254 in-

371 2310 542 2349 nuere
583 2287 806 2349 videtur
848 2287 918 2348 cl.
958 2301 1153 2347 auctor
1203 2310 1370 2370 quem
1424 2288 1764 2349 adduximus
1816 2293 2006 2369 (185),
2054 2292 2250 2373 sicque

371 2385 560 2446 omnia
603 2386 856 2467 apprime
899 2398 1331 2466 componuntur.

493 2482 578 2540 Ad
609 2481 841 2541 alteram
873 2480 1113 2541 classem
1150 2481 1341 2541 referri
1372 2482 1538 2542 debet
1568 2482 1890 2566 polygamia
1922 2508 1955 2544 a
1985 2485 2245 2546 Lothario

371 2579 726 2661 imperatoris
769 2578 1014 2640 Lotharii
1060 2579 1176 2638 filio
1218 2592 1272 2638 et
1302 2579 1486 2639 Caroli
1519 2580 1673 2641 Calvi
1718 2596 1919 2663 nepote
1961 2582 2250 2642 Lotharin-

371 2676 498 2755 giae
549 2696 680 2755 rege
730 2686 1074 2755 pertentata‚
1122 2674 1256 2733 dum
1299 2675 1654 2756 Theutberga
1713 2678 2042 2758 repudiata,
2091 2677 2248 2736 Wal-

371 2771 606 2831 dradam
634 2771 839 2831 ducere
862 2770 919 2828 in
942 2792 1172 2830 uxorem
1201 2772 1507 2831 contendit.
1532 2774 1671 2831 Nam
1701 2773 1794 2833 vix
1826 2797 1914 2834 res
1941 2773 2169 2835 Nicolao
2193 2775 2240 2832 Ι.

373 2890 593 2928 summo
636 2867 888 2950 pontifici
940 2868 1229 2940 innotuit,
1286 2881 1347 2927 ut
1396 2891 1623 2929 causam
1682 2870 1805 2930 eius
1862 2871 2239 2943 discusserit,

374 2964 669 3046 repudium
702 2963 1136 3044 improbaverit,
1176 2978 1300 3024 acta
1330 2966 1552 3025 concilii
1597 2966 1866 3026 metensis
1913 2967 2239 3038 exsciderit,

373 3060 525 3144 quod
569 3060 830 3120 Lothario
887 3059 1139 3131 faverat,
1191 3061 1487 3143 episcopos
1548 3062 2017 3142 praevaricatores
2073 3062 2246 3144 depo-

372 3157 583 3231 suerit,
630 3156 880 3237 adegerit
922 3156 1245 3216 Lotharium
1291 3157 1396 3217 sub
1442 3158 2032 3219 excommunicationis
2076 3159 2246 3220 inter-

493 3298 604 3351 (185)
632 3300 691 3339 Ut
716 3299 827 3351 patet
852 3310 903 3339 ex
930 3298 1090 3339 verbis:
1119 3298 1148 3339 ὰ
1166 3309 1213 3339 ce
1240 3299 1368 3352 qu'on
1394 3299 1595 3352 pretend.
1618 3301 1707 3347 Qua
1731 3300 1781 3341 de
1805 3312 1927 3342 causa
1953 3301 2173 3353 prudenter
2200 3304 2243 3343 in

371 3367 558 3408 versione
601 3366 700 3407 itala
740 3366 937 3407 adornata
963 3377 987 3406 a
1013 3368 1100 3407 Nic.
1129 3366 1318 3417 Negrelli.
1340 3367 1496 3407 Vienna
1527 3373 1639 3408 1838.
1664 3368 2013 3418 quemadmodum
2048 3370 2171 3409 etiam
2200 3369 2243 3410 in
2304 3395 2306 3397 -

371 3433 555 3475 eiusdem
582 3434 777 3475 historiae
803 3434 1044 3486 compendio
1073 3433 1187 3486 quod
1214 3433 1357 3474 eodem
1375 3445 1440 3474 an.
1461 3435 1666 3485 Augustae
1683 3436 1954 3476 Taurinorum
1969 3448 1992 3476 a
2012 3436 2078 3487 pia
2096 3437 2246 3477 comite

372 3502 515 3543 Solaro
533 3502 641 3543 delia
659 3502 879 3554 Margarita
897 3502 1053 3543 editum
1073 3503 1156 3553 est,
1177 3503 1288 3543 totus
1315 3501 1383 3542 hic
1410 3503 1567 3543 tractus
1593 3502 1768 3543 omissus
1788 3503 1879 3544 fuit.
1899 3506 1988 3545 Non
2016 3504 2113 3545 item
2144 3514 2243 3544 vero

372 3570 413 3611 in
441 3569 629 3612 versione
654 3569 811 3622 anglica
839 3580 963 3623 quam
992 3568 1173 3622 vulgavit
1201 3571 1313 3621 Mary
1340 3569 1514 3610 Hackett
1542 3568 1708 3610 Dublin.
1745 3575 1856 3611 1852.
