2320 4030
340 153 454 194 021³.
478 153 555 193 111.
576 153 640 193 DE
658 153 816 194 SENSU
842 154 992 193 TRAD.
1016 153 1119 193 CIR.
1143 153 1329 194 1anss.
1348 153 1505 193 MATR.
1527 153 1644 193 Am.
1665 153 1721 193 11.
1855 135 1967 193 359

241 251 456 311 Dubius
501 253 686 333 quoad
732 251 1197 332 significatione-m
1236 252 1294 310 in
1341 273 1398 311 re
1443 263 1632 312 nostra
1672 263 1757 311 est
1798 272 1977 312 canon

124 346 419 406 LXXXVII.
470 348 691 408 concilii
734 348 956 408 trullani
999 370 1091 407 an.
1130 349 1265 405 692.
1319 346 1523 417 «Quae
1555 347 1814 408 maritum
1859 347 1980 408 reli-

122 441 271 522 quit,
317 456 402 502 est
445 444 727 516 adultera,
781 444 830 504 si
862 444 1074 504 venerit
1114 443 1184 502 ad
1228 442 1431 515 alium,
1480 456 1541 503 ut
1573 444 1691 504 vult
1734 466 1891 505 sacer
1926 457 1980 505 et

121 537 342 599 divinus
374 540 614 600 Basilius
637 588 649 610 ‚
691 539 786 621 qui
824 563 891 599 ex
928 539 1161 600 Ieremia
1200 538 1468 621 propheta
1503 540 1616 599 hoc.
1638 541 1845 621 optime
1874 540 1980 601 col-

122 631 292 711 legit:
330 636 468 715 qaod
500 636 552 694 si
579 636 683 693 alii
721 637 838 694 viro
876 658 1016 695 umor
1051 636 1248 717 suerit,
1287 633 1360 692 ad
1402 637 1660 694 maritum
1688 658 1845 695 suum
1873 659 1979 696 non

120 742 479 799 convertetur,
535 729 628 787 secl
665 731 881 809 polluta
915 731 1207 810 polluetur.
1265 729 1336 787 Et
1378 751 1616 788 rursus:
1667 733 1764 810 qui
1803 744 1980 790 autem

118 823 316 883 detinet
358 826 660 884 adulteram
701 838 777 884 est
818 828 1078 907 insipiens
1122 838 1172 885 et
1213 826 1431 906 impia&
1482 826 1538 883 Si
1581 847 1711 905 ergo
1756 839 1978 907 praeter

122 919 390 978 rationem
427 942 461 979 a
497 921 693 981 marito
718 923 1022 983 recessisse
1042 922 1166 982 visa
1189 921 1293 993 sit,
1322 919 1416 979 ille
1439 920 1666 1002 quidem
1695 923 1857 982 venia
1895 922 1981 980 di—

118 1036 262 1093 gnus
294 1028 411 1088 est,
440 1016 580 1076 haec
600 1040 731 1077 vero
756 1040 953 1099 poena.
984 1018 1072 1077 Illi
1094 1030 1276 1077 autem
1306 1017 1472 1077 venia
1507 1017 1733 1077 dabitur
1753 1066 1765 1089 ,
1800 1031 1863 1078 ut
1894 1041 1978 1078 ec-

116 1110 321 1171 clesiae
345 1114 731 1174 communicet.
761 1115 868 1174 Sed
891 1116 963 1188 ei,
992 1114 1088 1196 qui
1119 1114 1362 1193 legitime
1393 1114 1502 1174 sibi
1533 1114 1720 1173 datam
1744 1136 1972 1174 uxorem

123 1206 420 1288 relinquit,
470 1221 524 1268 et
560 1209 727 1269 aliam
759 1210 913 1270 ducit
939 1258 951 1283 ,
986 1232 1018 1270 e
1046 1210 1268 1271 Domini
1301 1211 1578 1271 sententia
1606 1224 1692 1270 est
1722 1210 1980 1270 adulterii

122 1301 332 1363 iudicio
376 1304 667 1365 obnoxius.
719 1305 764 1363 A
809 1306 1060 1387 patribus
1102 1306 1249 1366 enim
1300 1307 1508 1366 nostris
1553 1318 1820 1366 statutum
1862 1298 1978 1379 est,

121 1408 182 1456 ut
222 1399 319 1478 qui
362 1413 493 1460 sunt
533 1401 845 1475 eiusmodi,
895 1424 1103 1462 annum
1138 1403 1414 1474 defleant,
1456 1402 1683 1462 biennio
1714 1402 1979 1474 audiant,

121 1492 360 1553 triennio
409 1495 873 1570 substernantur,
933 1510 987 1557 et
1030 1497 1267 1578 septimo
1312 1518 1438 1556 cum
1490 1496 1753 1556 fidelibus
1803 1497 1987 1557 consi-

117 1599 302 1659 stant,
351 1603 406 1648 et
446 1590 528 1650 sic
564 1591 842 1651 oblatione
883 1592 1040 1672 digni
1085 1591 1398 1650 habeantur
1435 1593 1624 1671 (223).
1657 1616 1686 1647 »
1729 1591 1835 1651 Hic
1877 1613 1984 1651 non

115 1684 300 1762 agitur
342 1707 603 1767 expresse
644 1688 715 1747 de
756 1687 1017 1747 facultate
1050 1687 1216 1747 aliam
1248 1687 1493 1747 ducendi
1532 1699 1659 1768 post
1700 1686 1987 1748 adulterae

115 1779 526 1854 dimissionem;
557 1795 799 1843 attamen
826 1784 1045 1844 videtur
1075 1783 1384 1855 insinuari,
1421 1783 1571 1864 quod
1602 1796 1827 1863 peracta
1849 1805 1984 1864 poe-

115 1874 348 1935 nitentia
392 1878 573 1957 possit
613 1879 700 1938 vir
741 1880 1045 1939 consistere
1080 1901 1206 1938 cum
1254 1901 1320 1938 ea
1361 1901 1530 1960 quam
1573 1878 1862 1957 illegitime
1892 1879 1990 1939 du-

112 1970 211 2041 xit.
259 1973 365 2031 Res
408 1972 573 2053 plane
616 1974 827 2033 incerta
869 1987 987 2045 est;
1032 1973 1284 2055 adeoque
1327 1995 1427 2055 pro
1472 1985 1670 2032 neutra
1713 1975 1990 2034 sententia

112 2067 320 2126 adduci
365 2067 457 2127 hic
499 2091 678 2129 canon
722 2082 932 2152 potest,
982 2085 1036 2129 et
1073 2070 1121 2129 si
1165 2069 1255 2128 cui
1302 2069 1446 2150 parti
1491 2069 1672 2141 favet,
1740 2069 1987 2150 profecto

118 2162 303 2223 favere
352 2163 576 2223 videtur
610 2164 901 2225 absolutae
941 2164 1424 2225 indissolubilitati
1475 2165 1666 2244 (224).

240 2262 449 2321 Eodem
492 2263 549 2320 in
594 2285 766 2323 censu
800 2263 982 2324 habeo
1020 2286 1144 2323 can.
1183 2265 1275 2321 IX.
1313 2250 1536 2323 concilii
1569 2261 1983 2323 svessionensis

125 2377 257 2415 ann.
290 2359 407 2416 744
430 2358 690 2418 celebrati
713 2407 724 2431 ,
754 2360 812 2417 in
835 2381 947 2441 quo
970 2360 1192 2419 dicitur:
1229 2358 1542 2418 «Similiter
1570 2358 1982 2428 constituimuS,

120 2462 181 2509 ut
204 2451 391 2512 nullus
415 2453 593 2513 laicus
626 2454 792 2513 homo
815 2455 930 2514 Deo
960 2466 1234 2513 sacratam
1268 2454 1567 2513 foeminam
1598 2453 1669 2512 ad
1693 2452 1984 2512 mulierem

119 2545 352 2606 habeat:
390 2570 491 2608 nec
521 2549 720 2610 marito
751 2549 966 2609 vivente
997 2572 1156 2610 suam
1180 2549 1472 2608 mulierem
1516 2549 1660 2608 alius
1699 2549 1941 2629 accipiat
1969 2596 1981 2619 ,

122 2664 224 2702 nec
266 2643 465 2702 mulier
505 2645 722 2705 vivente
755 2667 856 2705 suo
885 2645 1005 2706 viro
1037 2646 1208 2705 alium
1254 2646 1530 2726 accipiat:
1581 2645 1715 2726 quia
1752 2645 1987 2704 maritus

122 2737 409 2798 mulierem
452 2762 611 2798 suam
643 2762 753 2800 non
795 2740 959 2800 debet
994 2741 1271 2817 dimittere
1294 2789 1306 2813 ‚
1342 2754 1572 2822 excepto
1604 2762 1776 2800 causa
1819 2740 1987 2800 forni-

118 2917 186 2958 op.
219 2907 289 2949 cit.
326 2910 406 2948 Ias
427 2910 750 2950 matrimoniale
770 2910 1048 2952 christianor.
1086 2922 1176 2964 pag.
1199 2916 1288 2954 307.
1310 2923 1394 2964 seq.
1433 2911 1503 2952 ubi
1530 2911 1602 2953 alii
1626 2911 1837 2963 ⁸eiusmodi
1865 2922 1985 2952 cano-

121 2983 193 3014 nes
219 2973 478 3025 proferuntur
506 2986 554 3015 ex
578 2976 719 3017 eadem
741 2977 909 3029 synodo.

252 3041 359 3091 (223)
385 3043 503 3093 Apud
540 3043 739 3083 Harduin.
766 3044 865 3084 tom.
894 3046 968 3084 111.
989 3045 1068 3085 col.
1099 3050 1215 3086 1692.

252 3106 360 3158 (224)
380 3107 443 3148 Cf.
466 3109 508 3148 in
525 3109 634 3150 hunc
651 3120 741 3150 can.
763 3110 954 3151 Scholion
976 3112 1126 3151 Christ.
1150 3111 1254 3163 Lupi
1275 3122 1370 3164 opp.
1393 3111 1458 3152 ed.
1481 3112 1624 3152 venet.
1652 3114 1763 3152 1724.
1785 3112 1884 3150 tom.
1907 3111 1981 3150 ΙΙΙ,

122 3181 212 3223 pag.
235 3177 308 3214 153
337 3185 422 3225 seq.
450 3175 570 3215 quta
598 3178 758 3228 Lupum
784 3187 899 3216 conc.
935 3177 1158 3217 trullanum
1182 3178 1261 3217 hoc
1287 3188 1442 3218 canone
1467 3177 1575 3229 leges
1596 3177 1778 3217 novellas
1806 3175 1984 3215 faventes

125 3237 313 3279 divortiis
336 3241 484 3292 partim
506 3241 672 3292 abiicit,
695 3242 843 3294 partim
870 3243 1096 3284 confirmat.
1139 3245 1191 3284 Et
1209 3244 1343 3284 virum
1377 3255 1523 3295 nempe
1548 3244 1588 3284 et
1621 3242 1831 3282 mulierem
1850 3271 1862 3291 ,
1884 3240 1982 3280 irra-

125 3303 319 3345 tionabile
347 3307 561 3354 repudium
582 3308 864 3360 attentantem,
889 3308 1057 3350 damnat
1078 3309 1129 3350 de
1148 3309 1374 3359 adulterio,
1397 3310 1587 3360 arcetque
1607 3309 1801 3360 perpetuo
1822 3318 1846 3347 a
1865 3307 1984 3348 novis

128 3372 302 3422 nuptiis,
324 3384 426 3424 quas
451 3377 586 3415 tamen
619 3376 708 3416 viro
743 3377 882 3428 inique
916 3377 1109 3428 dimisso,
1146 3377 1197 3418 de
1230 3377 1401 3417 muliere
1431 3376 1616 3417 eamdem
1644 3375 1833 3417 iniuriam
1864 3384 1981 3426 passa

127 3434 284 3489 tacens,
305 3441 514 3490 permittIt.
543 3443 605 3484 Ita
628 3441 793 3495 quidem
821 3443 934 3497 ipse;
954 3444 1017 3485 ast
1043 3454 1106 3485 res
1131 3453 1213 3485 non
1241 3444 1302 3486 est
1328 3442 1427 3484 satis
1454 3443 1607 3495 aperta.
