2320 4030
376 299 489 340 CAP.
526 299 582 339 11.
613 299 677 338 DE
715 297 1003 338 POLYGAMIA
1036 295 1364 336 SUCCESSIVA.
1394 295 1508 334 ΛΒΤ.
1538 294 1594 334 11.
1795 275 1907 331 103

177 396 331 455 Nunc
359 417 488 455 vero
523 396 672 477 quod
710 396 883 454 sciam
907 441 919 464 ,
959 414 1121 452 nemo
1163 407 1248 452 est
1281 394 1375 473 qui
1417 391 1712 452 contendat
1743 412 1906 471 quar-

56 505 141 550 tas
183 504 236 550 et
271 490 559 551 ulteriores
594 491 816 572 nuptias
855 489 1044 548 divino
1079 487 1198 546 iure
1227 509 1354 547 esse
1398 487 1709 568 prohibitas
1731 535 1743 557 ,
1779 486 1910 545 licet

56 586 335 646 mordicus
371 586 633 646 severiori
666 583 998 665 disciplinae
1022 583 1092 642 de
1126 582 1445 642 reiiciendis
1483 582 1759 642 eiusmodi
1799 603 1907 639 nu-

56 681 188 761 ptiis
211 682 394 761 graeci
423 682 705 740 insistant,
747 680 857 738 Nec
891 691 1039 739 mota
1072 677 1313 759 amplius
1353 690 1440 736 est
1472 677 1577 737 hac
1598 677 1668 735 de
1691 698 1749 735 re
1775 697 1912 758 que-

57 776 171 834 rela
194 778 250 834 in
273 775 506 836 concilio
528 773 866 854 lugdunensi
890 775 959 831 ll.
990 774 1275 853 Eugenius
1298 793 1428 832 vero
1455 773 1539 829 lv.
1585 773 1641 830 in
1676 772 1914 832 concilio

57 871 348 931 florentino
402 871 459 928 in
504 869 723 929 decreto
779 889 879 948 pro
928 867 1182 928 iacobitis
1236 887 1336 925 seu
1389 866 1631 925 armenis
1691 866 1905 924 edixit:

61 966 390 1037 «Quoniam
439 964 736 1047 nonnullos
788 965 1059 1024 asseritur
1101 978 1329 1044 quartas
1374 962 1601 1041 nuptias
1645 975 1912 1042 tanquam

52 1050 450 1122 condemnatas
501 1082 802 1143 respuere,
846 1074 906 1120 ut
949 1072 1268 1141 peccatum,
1320 1057 1416 1116 ubi
1458 1078 1567 1116 non
1612 1070 1739 1128 est,
1787 1078 1913 1116 esse

55 1170 309 1238 putetur,
358 1179 484 1217 cum
534 1156 845 1216 secundum
880 1155 1236 1237 Apostolum,
1277 1166 1493 1213 mortuo
1530 1153 1679 1223 viro,
1715 1151 1917 1211 mulier

55 1253 129 1312 sit
171 1253 242 1312 ab
284 1254 405 1312 eius
457 1253 578 1332 lege
623 1252 837 1323 soluta,
889 1265 943 1311 et
983 1249 1231 1309 nubendi
1282 1248 1373 1308 oui
1419 1247 1540 1308 vult
1579 1247 1637 1305 in
1680 1246 1918 1306 Domino

56 1348 259 1407 habeat
290 1348 645 1418 facultatem,
691 1368 792 1406 nec
828 1346 1165 1425 distinguat,
1210 1357 1426 1404 mortuo
1463 1343 1676 1424 prim0,
1711 1342 1799 1402 vel
1829 1364 1920 1402 se-

55 1445 273 1513 cundo,
319 1444 404 1503 vel
449 1443 642 1513 tertio,
691 1441 1042 1501 declaramus
1087 1462 1198 1500 non
1235 1439 1416 1500 solum
1462 1438 1778 1509 seeundaS,
1816 1438 1916 1498 sed

61 1539 254 1598 tertias
285 1552 338 1598 et
366 1552 596 1619 quartas
620 1586 631 1609 ,
659 1551 825 1618 atque
852 1537 1142 1597 ulteriores
1164 1584 1177 1607 ,
1209 1537 1257 1595 si
1290 1534 1520 1616 aliquod
1551 1533 1919 1614 impedimen-

59 1647 173 1691 tum
226 1654 334 1693 non
385 1633 602 1704 obstat,
660 1632 810 1691 licite
855 1631 1106 1691 contrahi
1161 1652 1345 1712 posse.
1406 1628 1916 1689 Commendatiores

56 1742 238 1787 tamen
275 1729 549 1798 dicimus,
592 1729 641 1786 si
688 1728 920 1787 ulterius
955 1750 988 1786 a
1032 1727 1291 1806 coniugio
1336 1725 1681 1785 abstinentes
1725 1725 1782 1783 in
1826 1746 1919 1784 ca-

55 1824 241 1883 stitate
295 1823 741 1903 permanserint:
793 1823 927 1904 quia
973 1823 1119 1882 sicut
1161 1821 1449 1882 viduitatis
1494 1820 1909 1899 virginitatem,

54 1918 129 1976 ita
171 1918 380 1999 nuptiis
427 1930 635 1977 castam
677 1917 1004 1977 viduitatem
1057 1915 1222 1976 laude
1264 1928 1318 1974 et
1361 1915 1558 1973 merito
1602 1915 1918 1994 praeferen-

48 2012 181 2071 dam
223 2034 349 2072 esse
391 2034 683 2072 censemus
720 2016 871 2092 (91).
910 2039 937 2070 »

171 2109 239 2168 Et
280 2109 418 2168 haec
459 2109 528 2167 de
571 2110 785 2189 graecis
829 2123 883 2169 et
929 2108 1330 2180 orientalibus;
1375 2110 1530 2192 quod
1562 2131 1693 2170 vero
1732 2110 1803 2169 ad
1835 2110 1917 2169 la-

51 2205 197 2264 tinos
240 2218 294 2264 et
337 2204 712 2264 occidentales
759 2218 971 2287 spectat
1015 2205 1312 2285 benignior
1355 2227 1578 2287 semper
1621 2205 1726 2265 suit
1766 2206 1916 2286 quod

50 2299 120 2358 ad
174 2300 490 2379 trigamiam
534 2314 588 2359 et
631 2301 1013 2380 tetragamiam
1064 2300 1473 2382 ulterioresque
1516 2301 1742 2382 nuptias
1788 2323 1916 2382 spe-

51 2408 164 2454 ctat
205 2394 472 2476 loquendi
514 2395 652 2455 ratio
697 2418 762 2455 ac
806 2396 1129 2477 disciplina.
1183 2397 1303 2455 Non
1340 2396 1638 2456 defuerunt
1687 2395 1915 2477 quidem

53 2510 120 2546 ex
161 2490 567 2570 antiquioribus
616 2492 783 2550 etiam
829 2491 1018 2551 latinis
1066 2491 1351 2572 patribuS,
1397 2491 1493 2573 qui
1539 2492 1643 2551 has
1688 2492 1914 2572 nuptias

54 2603 282 2662 carpere
315 2584 441 2664 plus
466 2608 644 2666 aequo
682 2587 790 2646 visi
830 2600 960 2646 sunt
982 2634 994 2658 ,
1024 2607 1133 2645 non
1169 2587 1318 2667 quod
1352 2608 1447 2645 eas
1480 2585 1733 2645 absolute
1763 2586 1915 2644 dam-

60 2677 308 2735 naverint
336 2700 400 2737 ac
430 2681 479 2739 si
509 2681 732 2740 divinae
760 2682 868 2761 legi
900 2682 1356 2753 adversarentur,
1394 2681 1492 2740 sed
1525 2703 1648 2740 eam
1680 2681 1911 2762 potissi-

58 2793 208 2829 mum
231 2772 301 2830 ob
334 2794 560 2832 causam
590 2797 757 2855 quam
789 2777 914 2856 plus
941 2778 1114 2835 semel
1146 2775 1433 2835 attulimus
1458 2801 1469 2847 ;
1507 2798 1706 2858 nempe
1736 2776 1809 2836 ob
1839 2777 1913 2836 ef-

58 2866 238 2924 fusam
270 2880 322 2926 et
352 2868 776 2927 inverecundam
809 2871 865 2928 in
894 2892 1149 2929 venerem
1185 2872 1614 2952 propensionem
1661 2893 1830 2952 quam
1871 2873 1908 2929 ii

59 2963 394 3042 patefaciunt
436 2966 531 3045 qui
578 2967 737 3026 tertio
780 2980 834 3025 et
877 2982 1074 3047 quarto
1121 2967 1357 3026 nubunt.

173 3060 370 3118 Notum
409 3074 494 3120 est
533 3083 580 3120 s.
628 3062 1025 3143 Hieronymum
1062 3063 1204 3122 inter
1247 3078 1431 3145 patres
1468 3063 1669 3123 latinos
1705 3085 1766 3122 se
1796 3085 1912 3122 ma-

54 3155 197 3213 xime
223 3155 399 3214 tertiis
424 3177 488 3215 ac
514 3156 869 3217 ulterioribus
894 3158 1103 3239 nuptiis
1129 3158 1413 3218 infensum
1445 3159 1794 3239 praebuisse.
1826 3159 1911 3216 Si·-

55 3368 199 3406 Scmcti
233 3369 395 3409 nomine
427 3381 450 3409 a
482 3371 654 3410 Baronio
685 3373 725 3412 et
760 3383 781 3411 a
818 3372 1089 3413 bollandianis
1109 3403 1120 3421 ,
1156 3373 1323 3424 'Cupero
1356 3374 1536 3423 scilicet,
1581 3375 1621 3413 in
1668 3373 1906 3424 patriarchis

52 3432 387 3485 constantinopol.
430 3437 469 3475 et
507 3437 787 3487 Henscllenio,
827 3437 865 3476 in
906 3439 1022 3478 Actis
1049 3440 1188 3477 sanct.
1226 3438 1290 3477 die
1325 3445 1385 3479 15.
1421 3440 1516 3479 maii
1556 3439 1728 3478 donatus
1755 3439 1812 3476 ost
1853 3437 1904 3475 cf.

54 3495 200 3535 Maium
230 3499 350 3547 praes.
370 3500 439 3540 cit.
462 3512 547 3551 pag.
569 3504 622 3541 VI
643 3513 756 3553 seqq.
779 3512 852 3542 nec
879 3514 959 3543 non
987 3502 1207 3543 Arcudium
1241 3503 1317 3543 loc.
1349 3505 1495 3554 pariter
1522 3506 1591 3543 eit.

182 3563 260 3621 (tlt)
288 3566 400 3614 Apud
430 3566 625 3606 Harduin.
658 3570 762 3607 Acca
790 3568 942 3608 concil.
975 3570 1057 3608 tom
1085 3571 1148 3607 ΙΧ.
1171 3569 1248 3608 col.
1280 3575 1388 3609 1028.
