2320 4030
402 311 470 366 42
695 328 792 367 Lm.
832 325 907 364 111.
947 323 1087 362 secr.
1127 324 1162 362 1.
1196 325 1259 363 nr.
1295 325 1447 363 MATR.
1480 323 1682 365 cumsr.
1714 323 1952 365 numm.

397 449 509 486 una
552 449 617 485 ex
663 425 750 483 his
792 421 1209 482 conditionibus
1266 423 1450 492 desit,
1500 423 1546 481 si
1593 422 1662 481 ad
1718 422 2006 483 libidinem
2061 426 2246 506 potius

397 543 566 603 quam
596 519 664 578 ad
696 516 1210 598 multiplicationem
1258 518 1490 577 humani
1536 520 1755 598 generis
1796 519 2159 592 adhiheatur,
2197 523 2245 581 si

397 619 609 698 primae
645 614 803 674 uxori
835 614 1100 674 afferatur
1133 616 1371 686 iniuria,
1412 617 1458 674 si
1492 617 1630 675 ratio
1663 616 1931 674 habeatur
1959 617 2121 695 legis,
2158 619 2245 677 sin

398 714 583 771 minus
621 712 945 792 explicitae,
979 712 1173 771 saltem
1215 712 1536 792 implicitae,
1571 726 1686 771 tum
1730 714 2011 772 enimvero
2053 714 2247 772 eadem

396 807 717 889 polygamia
759 807 1054 866 inhonesta
1098 808 1337 878 dicetur,
1389 821 1579 867 contra
1610 808 1694 867 fas
1727 823 1780 867 et
1810 810 1928 878 ius,
1967 823 2020 868 et
2056 823 2246 868 contra

395 904 652 984 spiritum
686 903 861 983 legis,
902 918 1067 985 atque
1112 904 1301 984 aliquo
1345 926 1474 963 vero
1519 926 1690 963 sensu
1727 905 2038 984 illegitima.

517 1000 686 1059 Hisce
717 1000 793 1058 ita
826 1000 1169 1081 praestitutis
1199 1049 1209 1071 ,
1252 1021 1486 1080 pronum
1520 1000 1630 1058 iam
1663 1002 1764 1060 erit
1805 1015 2022 1083 patrum
2063 1004 2242 1063 dicta.

396 1118 542 1178 quae
565 1095 680 1155 sibi
700 1096 940 1155 invicem
965 1096 1273 1177 pugnantia
1296 1096 1589 1161 videntur,
1628 1097 1771 1156 inter
1801 1121 1861 1158 se
1894 1120 2242 1181 componere.

398 1194 534 1252 Nam
580 1191 826 1252 vidimus
872 1215 919 1252 s.
952 1194 1352 1275 Hieronymum
1395 1194 1450 1251 in
1502 1195 1734 1273 gratiam
1774 1196 2249 1277 multiplicationis

397 1287 627 1348 humani
651 1289 871 1369 generis
895 1288 973 1348 uti
999 1289 1202 1348 licitam
1231 1290 1349 1349 sive
1371 1302 1497 1348 ante
1520 1290 1638 1348 sive
1661 1302 1786 1371 post
1808 1290 2077 1351 diluvium
2101 1292 2253 1374 poly-

397 1385 636 1464 gamiam
673 1385 962 1446 habuisse.
1002 1386 1162 1457 Quod
1208 1387 1254 1444 si
1300 1386 1482 1465 arguit
1511 1386 1747 1444 Lamech
1777 1386 1962 1446 verbis
1988 1389 2251 1447 aTertul-

398 1481 549 1541 liano
593 1483 914 1564 usurpatis,
965 1505 1075 1543 non
1120 1483 1315 1542 eadem
1360 1496 1542 1541 mente
1588 1505 1651 1542 ac
1682 1483 2055 1544 Tertullianus
2097 1507 2253 1544 mon-

401 1578 606 1637 tanista
648 1579 704 1636 id
748 1579 1053 1659 praestitit,
1101 1579 1198 1638 sed
1243 1579 1392 1660 quod
1438 1578 1693 1637 libidinis
1738 1579 2044 1660 explendae
2086 1601 2255 1639 causa

398 1673 625 1733 alteram
669 1696 894 1733 uxorem
933 1674 1183 1745 duxerit,
1228 1687 1391 1755 prout
1425 1674 1673 1755 pessima
1708 1675 1811 1733 viri
1855 1675 2020 1734 huius
2053 1675 2252 1754 agendi

400 1772 540 1831 ratio
585 1771 817 1842 suadet;
867 1771 1113 1853 alioquin
1157 1794 1202 1831 s.
1233 1773 1436 1831 Doctor
1473 1771 1582 1830 sibi
1628 1771 1776 1830 haud
1814 1771 2151 1832 cohaereret.

521 1868 652 1927 Tres
700 1890 830 1927 vero
874 1870 1286 1928 commemorati
1342 1869 1633 1950 pontifices
1691 1869 1957 1928 rationem
2010 1869 2254 1928 habuere

399 1964 764 2046 primigeniae
809 1963 1144 2024 matrimonii
1183 1964 1586 2036 institutionis,
1617 1985 1682 2024 ac
1705 1965 1937 2047 proinde
1969 1966 2104 2024 satis
2136 1988 2254 2025 ma-

401 2061 634 2121 nifestae
676 2062 898 2122 divinae
939 2062 1239 2122 voluntatis
1283 2063 1431 2122 circa
1474 2063 1883 2143 monogamiam
1907 2076 1960 2122 et
1981 2063 2080 2120 Dei
2114 2061 2252 2142 legis

400 2159 509 2218 lato
567 2181 736 2218 sensu
778 2173 1071 2241 acceptae;
1121 2182 1231 2219 non
1291 2174 1473 2220 autem
1530 2160 1832 2242 loquuntur
1876 2160 1946 2218 de
1989 2182 2253 2241 expressa

399 2255 500 2314 Dei
544 2254 704 2335 lege,
755 2277 899 2336 quae
943 2257 1201 2337 nuspiam
1249 2270 1498 2338 apparet.
1530 2257 1739 2317 Eodem
1777 2279 1905 2316 vero
1945 2279 2114 2316 sensu
2152 2256 2253 2314 im-

404 2352 640 2432 probant
695 2352 897 2411 factum
945 2352 1178 2412 Lamech
1239 2375 1302 2412 ac
1359 2374 1405 2412 s.
1447 2353 1821 2435 Hieronymus
1866 2353 2024 2411 cuius
2068 2353 2253 2411 verbis

401 2462 629 2507 utuntur
657 2450 843 2526 (104).

523 2545 604 2602 Ex
649 2566 712 2602 eo
753 2567 881 2604 vero
934 2546 1083 2626 quod
1136 2546 1538 2606 affirmavimus
1583 2547 1638 2604 in
1685 2546 1856 2605 altera
1905 2545 2254 2604 animadver-

404 2641 561 2700 sione
583 2641 652 2700 de
675 2663 950 2700 consensu
995 2642 1195 2723 prioris
1241 2643 1458 2713 uxoris,
1509 2656 1676 2724 atque
1719 2664 1784 2700 ex
1830 2642 2083 2701 cessione
2114 2642 2252 2699 iuris

405 2738 554 2819 quod
579 2759 644 2796 ea
668 2738 968 2819 acquisivit
1006 2760 1175 2819 super
1215 2739 1503 2811 maritum,
1533 2740 1683 2798 hunc
1706 2739 1953 2820 potuisse
1978 2738 2253 2796 secundas

404 2848 457 2894 et
498 2833 786 2893 ulteriores
845 2835 1070 2915 nuptias
1115 2835 1296 2906 inire,
1349 2859 1455 2895 non
1502 2837 1754 2917 sequitur
1806 2858 1973 2916 posse
2027 2855 2252 2892 uxorem

404 2931 474 2989 de
515 2952 793 2990 consensu
836 2932 1015 2990 mariti
1056 2932 1227 2990 alium
1266 2934 1442 2991 virum
1484 2933 1706 2991 ducere.
1738 2934 1874 2990 Nam
1911 2931 2254 3008 distinguere

405 3040 618 3108 oportet
669 3028 810 3086 inter
853 3050 919 3086 ea
957 3028 1111 3097 iura,
1159 3050 1302 3108 quae
1356 3042 1553 3087 natura
1604 3030 1804 3107 εωίφίι,
1862 3027 1930 3085 ab
1979 3027 2060 3085 eis
2113 3049 2254 3106 quae

528 3228 638 3278 (104)
664 3230 754 3269 Non
775 3227 921 3266 desunt
943 3227 1203 3277 interpretes,
1232 3226 1301 3276 qui
1331 3225 1405 3264 sub
1434 3226 1509 3264 hoc
1536 3227 1716 3275 respectu
1737 3225 1909 3263 Lamech
1929 3227 2132 3263 excusent.
2151 3226 2257 3264 Inter

407 3306 510 3346 quos
538 3294 786 3335 Mersennius
806 3295 976 3340 Quaest.
998 3294 1039 3332 et
1062 3294 1294 3332 comment.
1317 3295 1361 3331 in
1394 3294 1538 3331 Genes.
1561 3291 1610 3330 ad
1633 3302 1720 3341 cap.
1738 3293 1805 3330 lv.
1832 3293 2002 3336 Quaest.
2026 3294 2087 3330 54.
2108 3302 2147 3329 n.
2171 3297 2255 3330 191.

407 3361 566 3402 scribit:
583 3360 860 3401 «probabilius
882 3360 982 3399 mihi
1004 3359 1163 3398 videtur
1183 3369 1255 3398 nec
1277 3359 1520 3397 Lamechum
1545 3357 1635 3396 ideo
1655 3369 1857 3408 peccasse,
1882 3359 1976 3408 quia
1994 3357 2095 3396 duas
2113 3367 2259 3395 uxores

407 3429 568 3479 habuit,
590 3439 661 3468 nec
683 3427 951 3479 polygamiam
970 3426 1010 3465 in
1030 3428 1135 3466 statu
1159 3425 1256 3476 legis
1276 3427 1442 3464 naturae
1459 3426 1670 3474 corruptae
1688 3425 1779 3463 ante
1799 3423 1996 3462 diluvium
2016 3422 2260 3473 prohibitam

406 3495 725 3534 fuisse....im1no
754 3504 803 3533 ex
831 3492 1150 3543 patriarcharum
1178 3491 1267 3542 post
1291 3489 1492 3529 diluvium
1512 3488 1735 3528 viventium
1760 3489 1944 3539 exemplo
1969 3488 2066 3527 satis
2085 3487 2256 3527 coniicio

408 3562 447 3601 id
483 3573 563 3601 non
592 3561 726 3600 minus
760 3560 914 3600 licitum
949 3559 1068 3599 fuisse
1095 3560 1186 3598 ante
1224 3557 1449 3605 diluvium,
1487 3556 1583 3606 quia
1612 3566 1684 3605 par
1709 3556 1792 3595 erat
1819 3553 2170 3606 propagandorum
2201 3554 2256 3592 in-

412 3628 672 3667 dividuorum
704 3627 956 3668 necessitas„
