2320 4030
344 256 417 312 90
645 274 747 313 ιιΒ.
777 270 855 311 ιιι.
885 269 1029 310 sacr.
1061 270 1098 308 1.
1129 268 1195 308 nr
1219 270 1377 310 nna.
1409 268 1611 310 cniusr.
1645 269 1886 313 nmium.

345 372 474 433 silio
500 421 512 444 ,
568 373 665 454 qui
724 370 780 428 in
832 368 997 449 epist.
1062 369 1243 449 prima
1305 367 1576 429 canonica
1632 368 1701 428 ad
1762 368 2220 451 Amphilochium

343 491 469 530 can.
507 469 593 527 lv.
623 494 649 523 «
675 467 756 526 De
782 465 1037 546 trigamis
1057 515 1069 538 ,
1110 465 1326 548 inquit,
1363 478 1417 525 et
1447 464 1766 547 polygamis
1800 465 2077 527 definiere
2097 469 2223 547 (Pa-

344 569 482 644 tres)
518 563 759 624 eundem
807 585 1113 635 canonem,
1152 585 1320 645 quem
1365 575 1419 622 et
1461 562 1523 620 de
1571 561 1810 643 diqamis
1843 577 2065 625 servata
2096 586 2219 646 pro-

344 663 626 746 portione:
664 683 875 721 annum
918 660 1181 721 videlicet
1211 662 1268 719 in
1292 660 1557 740 ‘digamis
1596 662 1790 740 (49).»

467 758 668 818 Adhuc
696 780 810 819 sec.
848 759 961 818 VII.
991 774 1044 819 et
1072 760 1213 817 VIII.
1239 758 1296 816 in
1328 758 1592 840 capitulis
1624 757 1915 818 Theodoro
1947 757 2226 840 archiepi—

346 879 514 939 scopo
545 856 926 917 cantuariensi
972 856 1278 938 adscriptis
1324 854 1680 916 invenimus:
1725 856 2052 936 «Digamus
2096 877 2227 936 poe-

346 952 521 1013 niteat
562 953 742 1035 primo
775 974 954 1023 anno,
993 965 1194 1035 quarta
1224 951 1364 1011 feria
1395 965 1447 1012 et
1477 965 1633 1012 sexta
1674 952 1845 1024 feria,
1885 967 1939 1012 et
1994 952 2051 1011 in
2096 974 2230 1034 qua-

346 1050 685 1130 dragesimis
718 1050 897 1110 tribus
929 1050 1207 1110 abstineat
1254 1071 1316 1110 se
1361 1071 1395 1108 a
1439 1049 1734 1121 carnibus,
1764 1063 1818 1109 et
1860 1063 2221 1132 separetur.»

349 1147 475 1206 Huc
510 1147 719 1229 pariter
748 1147 1055 1229 capitulum
1080 1147 1314 1207 refertur
1336 1145 1506 1228 paulo
1539 1159 1669 1207 ante
1699 1145 2004 1205 adductum
2036 1169 2104 1206 ex
2134 1169 2227 1208 eo-

350 1245 477 1304 dem
503 1245 892 1305 Poenitentiali
918 1245 1194 1305 Theodori
1228 1244 1643 1304 cantuariensis
1673 1245 1821 1323 (50).
1855 1242 2074 1308 »Idem
2103 1266 2235 1305 con-

351 1341 530 1402 stituit
550 1341 860 1422 Ecgbertus
896 1342 1279 1414 eboracensiS,
1308 1342 1407 1423 qui
1431 1342 1689 1422 bigamos
1724 1340 1795 1400 ad
1832 1340 2233 1402 abstinentiam

352 1461 386 1496 a
430 1437 697 1498 carnibus
744 1438 1032 1499 damnavit
1069 1438 1467 1519 integro'anno
1500 1438 1655 1498 seriis
1687 1439 1775 1497 IV.
1809 1452 1862 1498 et
1891 1439 1981 1497 Vl.
2024 1452 2078 1499 et
2107 1461 2238 1522 spa-

353 1534 430 1595 tio
454 1534 619 1594 trium
647 1535 1228 1617 quadragesimarum
1256 1537 1544 1618 vetuitque
1575 1536 1880 1619 quominus
1913 1535 2235 1596 sacerdotes

353 1632 683 1692 assisterent
712 1633 966 1693 convivio
1012 1633 1363 1714 bigamorum
1409 1637 1556 1714 (51).

479 1730 716 1811 Insuper
734 1728 977 1810 bigamis
1011 1731 1227 1811 passim
1259 1731 1643 1812 denegabatur
1665 1732 1723 1789 in
1750 1732 2075 1814 nuptiarum
2100 1730 2240 1790 cele-

356 1826 611 1886 bratione
634 1826 953 1886 benedictio
987 1827 1384 1899 sacerdotalis,
1419 1840 1583 1909 prout
1608 1828 1833 1888 disertis
1858 1827 2047 1887 verbis
2071 1826 2242 1887 tradit

360 1945 408 1982 s,
434 1922 734 1983 Caesarius
759 1923 1090 1983 arelatensis
1110 1924 1326 1984 dicens:
1357 1950 1384 1981 «
1408 1925 1516 1995 Qui
1535 1947 1764 1984 uxorem
1782 1938 1938 2006 optat
1959 1925 2235 2007 accipere,

360 2018 505 2079 sicut
535 2018 688 2077 illam
724 2018 995 2099 virginem
1028 2019 1279 2078 invenire
1327 2020 1647 2092 desiderat,
1680 2021 1755 2081 ita
1791 2021 1914 2103 ipse
1950 2043 2134 2103 usque
2168 2020 2240 2079 ad

367 2114 595 2198 nuptias
620 2116 779 2196 virgo
810 2116 903 2175 sit:
933 2115 1069 2197 quia
1093 2116 1140 2174 si
1166 2138 1278 2176 non
1301 2116 1486 2187 fuerit,
1508 2117 1960 2177 benedictionem
1988 2118 2243 2199 accipere

364 2234 492 2272 cum
535 2234 745 2295 sponsa
791 2234 893 2271 sua
942 2234 1052 2271 non
1098 2211 1401 2271 merebitur
1450 2214 1646 2291 (52).»
1698 2213 1951 2293 Idipsum
2008 2226 2245 2273 testatus

365 2321 533 2368 antea
576 2308 688 2367 iam
732 2308 912 2368 fuerat
961 2307 1374 2367 Ambrosiaster
1417 2320 1477 2366 ut
1521 2329 1589 2366 ex
1641 2308 1827 2367 allatis
1873 2309 1996 2368 eius
2046 2308 2240 2367 verbis

371 2415 622 2476 constat,
665 2403 799 2463 dum
847 2405 906 2462 in
957 2426 1061 2464 suo
1107 2404 1508 2464 commentario
1550 2404 1608 2462 in
1642 2406 1699 2462 1.
1738 2403 1862 2463 Cor.
1894 2405 2010 2462 VII.
2049 2429 2075 2459 «
2119 2404 2239 2462 Pri-

372 2524 497 2561 mae
541 2502 801 2584 nuptiae,
847 2502 1076 2573 scribit,
1131 2501 1238 2560 sub
1286 2501 1679 2561 benedictione
1732 2501 1834 2560 Dei
1886 2501 2241 2560 celebrantur

368 2598 711 2659 sublimiter:
751 2598 1035 2659 secundae
1065 2610 1251 2658 autem
1282 2599 1452 2659 etiam
1484 2598 1542 2656 in
1575 2599 1855 2680 praesenti
1889 2611 2081 2667 carent
2126 2597 2246 2678 glo-

369 2696 451 2756 ria
480 2699 714 2779 (nempe
735 2696 1156 2775 benedictione)
1203 2699 1392 2776 (53).»
1433 2697 1588 2756 Idem
1635 2696 1846 2757 eruitur
1886 2719 1951 2757 ex
1982 2696 2082 2755 lib.
2120 2697 2236 2754 VII.

494 2921 576 2971 (49)
603 2923 678 2972 Ep.
700 2920 764 2961 ed.
785 2923 917 2961 Maur.
941 2923 1194 2963 CLXXVIII.
1217 2934 1312 2974 opp.
1333 2924 1435 2962 tom.
1454 2923 1529 2962 ΙΙΙ.
1566 2933 1605 2973 p.
1645 2926 1734 2963 271.

493 2987 576 3037 (50)
605 2988 651 3025 ln
678 2987 907 3038 spicileyio
942 2987 1214 3028 Dacherz'ano
1248 2989 1374 3028 Paris.
1413 2994 1523 3029 1669.
1561 2990 1662 3027 tom.
1700 2990 1769 3027 lx.
1803 2999 1892 3027 can.
1922 2989 2030 3028 XIV.
2064 2997 2155 3038 pag.
2184 2991 2247 3027 54.

375 3055 464 3092 Huc
500 3051 651 3103 pariter
688 3052 861 3092 refertur
903 3053 1130 3105 capitulum
1159 3054 1282 3105 paulo
1324 3055 1418 3094 ante
1463 3054 1636 3093 relatum
1678 3064 1728 3093 ex
1771 3053 1914 3094 eodem
1961 3053 2247 3094 poenitentiali

373 3117 580 3160 Theodori
608 3119 920 3159 cantuariensis.

486 3186 569 3236 (51)
596 3183 714 3237 Apud
731 3184 879 3224 David.
905 3184 1089 3225 Wilkins
1108 3184 1304 3225 concilia
1322 3194 1506 3235 maqnae
1523 3184 1768 3224 Britanniae.
1791 3184 1920 3225 Lond.
1951 3189 2061 3226 1737.
2090 3188 2189 3227 tom.
2213 3187 2243 3225 1.

374 3266 463 3306 pag.
499 3259 566 3295 101
594 3264 679 3305 seq.
710 3254 992 3304 Excerpcion.
1021 3255 1073 3292 D.
1099 3252 1305 3304 Ecqbertt'
1340 3252 1510 3292 eborac.
1535 3252 1656 3292 arch.
1679 3263 1769 3292 can.
1796 3255 1901 3293 XCI.
1953 3265 2040 3305 pag.
2070 3260 2154 3295 106.
2186 3254 2248 3294 Cf.

377 3322 499 3362 etiam
520 3323 764 3362 Poenitent.
792 3320 893 3361 ibid.

489 3390 571 3441 (52)
595 3392 724 3431 Serm.
749 3395 838 3429 289.
855 3388 898 3428 in
917 3388 1090 3441 append.
1113 3387 1177 3428 ed.
1193 3390 1431 3439 Maur.opp.
1452 3400 1483 3427 s.
1499 3387 1712 3438 Augustini
1733 3390 1831 3428 tom.
1854 3391 1902 3427 V.
1927 3398 1965 3428 n.
1992 3393 2028 3428 5.
2054 3388 2132 3428 col.
2157 3391 2245 3428 482.

374 3456 416 3496 Si
441 3458 577 3496 tamen
599 3456 689 3495 heic
706 3466 840 3496 sermo
862 3458 924 3495 est
944 3455 996 3494 de
1022 3453 1218 3506 bigamis,
1240 3455 1281 3494 et
1300 3465 1380 3495 non
1410 3454 1546 3506 potius
1576 3453 1625 3494 de
1655 3453 1706 3493 iis
1736 3454 1806 3504 qui
1833 3456 1925 3495 ante
1956 3454 2119 3506 nuptias
2138 3453 2247 3494 adul·

379 3523 555 3564 terinum
583 3523 875 3564 commercium
900 3522 1149 3564 habuissent.

494 3591 575 3641 (53)
605 3594 699 3632 Loc.
731 3591 801 3631 cit.
