2320 4030
318 224 445 284 312
575 242 675 283 LIB.
707 240 784 283 111.
816 240 959 282 SECT.
991 241 1207 282 ALTERA.
1239 242 1304 282 DE
1328 241 1702 283 anlss.'1nATu.
1731 244 1932 288 GHRIST.

328 341 643 425 Siquidem,
678 354 740 400 ut
780 340 1174 401 animadvertit
1218 341 1476 413 Pontius,
1513 364 1580 401 ea
1612 341 1949 422 significatio
1979 365 2089 405 non
2118 347 2194 406 af-

329 439 446 499 ficit
467 435 1022 497 indissolubilitatem
1055 434 1397 497 matrimonii
1422 450 1517 497 aut
1539 437 2029 499 dissolubilitatem
2049 487 2061 511 ‚
2098 441 2196 502 sed

329 534 553 613 signum
599 546 684 592 est
726 556 758 592 a
803 533 1126 615 posteriori,
1178 556 1245 593 ex
1287 556 1398 616 quo
1442 534 1759 615 colligimus
1810 556 1935 593 eam
1988 534 2199 595 solubi-

328 626 539 688 litatem
586 649 872 700 cessasse,
925 643 1020 689 aut
1065 650 1424 710 permanere3
1463 642 1551 688 ast
1591 630 1742 711 quod
1780 630 2198 691 matrimonium

328 724 403 784 sit
423 746 528 786 nec
550 747 621 785 ne
650 725 889 785 solubile
919 723 977 784 id
1010 725 1254 807 pendere
1285 724 1355 784 ab
1387 724 1733 785 institutione
1765 724 1972 785 Christi
2004 728 2190 804 (119).

330 821 475 881 Huic
519 822 688 902 igitur
731 822 1104 882 insistendum
1148 835 1261 894 est,
1310 844 1375 882 eo
1418 821 1506 881 vel
1550 822 1728 902 magis
1777 822 1927 904 quod
1960 844 2070 882 non
2101 822 2199 881 de-

329 917 563 991 fuerint,
614 919 710 1001 qui
763 919 1147 979 existimarent
1199 918 1613 978 matrimonium
1666 918 1835 978 etiam
1888 931 2067 978 ratum
2121 919 2200 977 si-

329 1015 601 1095 gnificare
643 1016 910 1076 unionem
956 1014 1165 1076 Christi
1212 1021 1323 1075 nou
1370 1015 1553 1075 solum
1591 1037 1716 1075 cum
1752 1016 1966 1088 anima,
2007 1038 2199 1077 verum

330 1111 498 1172 etiam
544 1133 668 1173 cum
714 1112 986 1185 ecclesia,
1036 1135 1162 1173 cum
1208 1111 1417 1172 Paulus
1460 1112 1671 1194 Ephes
1723 1112 1785 1170 V.
1831 1113 2095 1172 unionem
2139 1112 2201 1171 il-

334 1208 444 1268 lam
497 1207 757 1269 indicans
802 1207 952 1268 dicat
992 1209 1290 1269 universe:
1338 1208 1455 1267 Hoc
1504 1220 1901 1267 sacramentum
1943 1230 2201 1290 maynum

330 1317 428 1364 est.
464 1304 584 1386 qu
616 1318 799 1366 autem
842 1305 960 1365 dico
1004 1307 1064 1365 in
1110 1307 1325 1365 Christo
1371 1317 1421 1364 et
1463 1306 1522 1364 in
1566 1305 1823 1375 ecclesia;
1873 1306 2201 1386 praesertim

334 1424 462 1464 cum
508 1423 620 1462 non
664 1402 831 1462 modo
891 1401 1175 1475 fidelium,
1226 1401 1327 1462 sed
1381 1402 1550 1462 etiarn
1595 1401 1952 1462 matrimonia
2001 1402 2202 1461 infide-

336 1499 503 1572 lium,
552 1499 728 1560 multo
770 1522 902 1560 vero
953 1499 1136 1581 magis
1188 1499 1543 1560 matrimonia
1594 1498 1961 1559 hebraeorum
2013 1498 2202 1581 aliquo

335 1596 501 1656 modo
543 1596 809 1656 unionem
853 1595 1064 1656 Christi
1108 1618 1235 1656 cum
1278 1595 1547 1668 ecclesia,
1598 1608 1693 1655 aut
1735 1595 1904 1656 etiam
1934 1595 2201 1656 unionem

332 1692 747 1776 hypostaticam
800 1692 1206 1773 significarent.
1262 1692 1537 1763 Quocirca
1586 1714 1698 1752 non
1747 1691 1969 1752 videtur
2023 1691 2203 1752 solide

331 1789 446 1851 dici
489 1811 660 1873 posse
712 1790 838 1850 ideo
890 1790 1031 1851 solvi
1085 1789 1506 1850 matrimonium
1562 1803 1771 1862 ratum,
1830 1789 1967 1872 quia
2017 1789 2198 1849 solum

334 1886 618 1968 significat
660 1886 926 1947 unionem
973 1886 1183 1946 Christi
1228 1908 1354 1946 cum
1399 1886 1588 1947 anima
1638 1885 2085 1968 uniuscuiusque
2135 1885 2201 1945 fi-

333 1982 497 2044 delis.

456 2081 559 2140 His
604 2094 926 2164 propterea,
977 2081 1221 2163 aliisque
1263 2080 1541 2142 eiusmodi
1587 2081 1774 2140 minus
1818 2079 1983 2140 certis
2032 2100 2199 2158 argu-

335 2177 538 2238 mentis
569 2177 854 2249 dimissiS,
889 2200 960 2238 ne
990 2179 1302 2237 infirmetur
1329 2178 1516 2259 potius
1548 2199 1718 2259 quam
1747 2177 2067 2236 adstruatur
2090 2175 2204 2235 the-

335 2274 416 2335 sis
437 2324 449 2347 ,
479 2274 573 2336 hic
595 2275 803 2336 sistunt
826 2298 1024 2356 graves
1056 2275 1300 2356 theologi
1332 2275 1389 2333 in
1418 2297 1521 2335 sua
1553 2273 1865 2356 protuenda
1895 2274 2196 2345 sententia,

334 2397 448 2457 qua
491 2374 771 2434 affirmant
812 2396 979 2458 posse
1010 2396 1268 2434 romanos
1301 2373 1593 2456 pontifices
1624 2372 2064 2432 extraordinaria
2103 2393 2202 2453 po-

337 2485 534 2533 testate
579 2470 687 2531 sibi
719 2493 753 2531 a
782 2471 1005 2531 Christo
1052 2493 1350 2542 concessa,
1400 2492 1527 2532 cum
1572 2491 1715 2552 opus
1758 2469 1951 2541 fuerin
1990 2467 2205 2530 solvere

337 2569 659 2650 coniugium
706 2582 886 2629 ratum
934 2568 1205 2629 fidelium.

1176 2764 1235 2844 g.
1288 2763 1356 2821 ιι.

585 2908 810 2961 Utriusque
836 2908 1059 2949 sententiae
1086 2908 1418 2958 argumentorum
1448 2904 1649 2946 discussio
1675 2906 1717 2946 et
1738 2903 1961 2945 conclusio.

1889 2689 1907 2713 Ι

462 3043 747 3103 Hactenus
792 3043 1127 3126 praecipuos
1174 3054 1427 3102 auctores
1477 3040 1573 3123 qui
1618 3061 1716 3123 pro
1771 3038 2034 3099 alterutra
2082 3035 2204 3117 opi-

341 3142 509 3202 nione
538 3140 827 3200 decertant
856 3163 968 3200 una
999 3161 1125 3199 cum
1151 3137 1473 3220 praecipuis
1505 3136 1848 3216 argumentis
1873 3133 2080 3217 quibus
2105 3154 2205 3215 pro

342 3261 448 3299 sua
489 3238 702 3321 quique
732 3236 877 3297 thesi
922 3247 1153 3297 utuntur
1182 3235 1238 3294 in
1269 3234 1517 3293 medium
1549 3232 1870 3303 attulimus3
1907 3250 2057 3289 nunc
2092 3228 2205 3287 iam

343 3358 573 3398 necesse
616 3349 703 3396 est
742 3357 809 3395 ea
853 3335 996 3396 inter
1042 3356 1103 3395 se
1145 3333 1422 3404 conferre,
1471 3345 1534 3393 ut
1573 3353 1764 3393 eorum
1805 3328 1918 3390 vim
1965 3326 2036 3386 ad
2087 3347 2208 3409 pro-

342 3433 591 3493 bandum
644 3433 991 3512 detegamus.
1030 3431 1122 3491 Sic
1169 3429 1317 3489 enirn
1365 3429 1486 3501 fiet,
1535 3441 1596 3488 ut
1644 3426 1865 3488 facilius
1915 3424 2205 3485 veritatem

466 3575 577 3625 (119)
606 3574 694 3615 Lib.
720 3577 751 3615 1.
774 3584 862 3624 cap.
891 3576 997 3614 xlv.
