2320 4030
389 214 458 271 48
646 231 745 272 Lm.
783 229 859 270 111.
897 225 1038 268 secr.
1078 227 1113 267 1.
1152 227 1216 267 nr:
1261 223 1417 267 MATR.
1456 223 1657 268 cnmsr.
1694 226 1934 270 ΰΝιΤΑΤΕ.

380 325 575 384 latione
605 343 857 401 umquam
887 320 1123 399 accipe-re
1141 319 1327 398 plures
1358 339 1552 376 umores
1581 319 1763 376 simul.
1782 319 2019 400 Exponit
2042 333 2223 380 autern

374 421 580 479 dictum
626 415 1039 497 pontificis«de
1083 414 1222 485 illis⁷
1273 413 1477 496 quibus
1528 413 1820 474 constabat
1862 436 1988 476 esse
2030 430 2222 476 contra

372 515 459 574 ius
504 512 784 582 naturale,
835 524 888 570 et
930 523 1121 570 contra
1165 511 1254 570 ius
1298 510 1554 569 divinum
1598 531 1923 589 expressum
1965 511 2135 570 verbo
2171 525 2224 570 et

373 630 537 689 opere
567 620 886 667 ostensum:
921 619 982 665 ut
1011 619 1242 687 apparet
1272 627 1337 664 ex
1369 605 1788 685 probationibus
1820 605 1933 664 illis
1965 627 2107 686 quas
2139 607 2225 664 in-

367 704 536 762 ducit.
576 702 631 760 Si
663 702 791 784 quis
834 715 1016 761 tamen
1047 701 1173 761 illas
1204 702 1513 780 ignoraret,
1552 722 1677 759 cum
1708 722 1818 760 non
1848 714 1997 760 esset
2027 701 2222 760 datum

368 799 594 881 aliquod
626 811 983 879 praeceptum
1007 819 1333 878 expressum
1361 796 1432 854 de
1463 795 1598 855 hoc:
1630 817 1811 876 neque
1840 795 1928 854 lex.
1953 795 2224 855 naturalis

374 894 738 954 determinate
767 894 837 952 ad
873 893 980 953 hoc
1015 892 1277 972 cogebat,
1314 913 1423 950 non
1457 891 1721 972 peccabat
1749 891 2077 972 accipiendo
2100 891 2226 972 plu-

366 1011 453 1049 res
493 989 1059 1070 uxoreS.»]Hactenus
1098 987 1191 1046 ille
1227 988 1414 1066 (120),
1452 986 1702 1046 Palacios
1740 988 2223 1064 (121)‚Veracrux

370 1087 558 1164 (122),
587 1085 935 1145 Maldonatus
973 1086 1160 1164 (123),
1189 1082 1538 1142 Mersennius
1576 1083 1764 1160 (124),
1793 1082 2001 1163 aliique
2029 1084 2216 1159 (125).

487 1182 637 1242 Inter
679 1203 740 1241 se
782 1194 967 1241 autem
1013 1180 1306 1261 utriusque
1345 1177 1532 1260 placiti
1575 1191 1901 1257 argumenta
1938 1179 2223 1238 conseren-

368 1290 478 1349 tes,
528 1276 1005 1359 deprehendimus
1051 1275 1406 1345 auctoribuS,
1458 1274 1554 1354 qui
1602 1287 1954 1354 propugnant
1991 1273 2225 1355 polyga-

363 1373 532 1432 miam
563 1373 685 1452 lege
716 1372 906 1432 divina
937 1371 1245 1453 antiquitus
1286 1369 1635 1429 interdictam
1675 1368 1882 1439 fuisse,
1919 1368 2073 1428 nulla
2114 1370 2224 1429 suf-

366 1469 568 1549 fragari
605 1469 1016 1550 Scripturarum
1062 1468 1408 1538 testimonia,
1457 1488 1523 1526 ea
1566 1477 1751 1525 autem
1786 1465 1955 1525 verba
1985 1488 2128 1547 quae
2158 1489 2223 1526 ex

364 1564 560 1624 Bibliis
592 1564 949 1645 proferuntur
969 1564 1039 1623 de
1066 1563 1350 1645 primaeva
1373 1561 1614 1641 coniugii
1649 1561 2019 1632 institutione,
2045 1575 2225 1622 osten·

362 1661 493 1720 dere
543 1661 771 1742 quidem
829 1659 1241 1739 monogamiam
1297 1658 1635 1718 conformem
1688 1679 1814 1718 esse
1865 1657 2088 1717 divinae
2138 1658 2224 1716 in·-

360 1757 588 1817 tentioni
635 1779 734 1837 per
777 1778 900 1816 eam
944 1756 1287 1837 patefactae,
1325 1777 1435 1815 non
1466 1767 1649 1814 autem
1680 1754 1858 1833 legem
1900 1776 2221 1834 expressam

360 1867 413 1912 et
455 1853 751 1934 positivam
797 1853 1167 1933 praeseferre3
1218 1853 1386 1911 immo
1429 1851 1822 1933 quadantenus
1866 1849 1999 1908 elidi
2043 1871 2109 1908 ex
2148 1850 2218 1909 iis

358 1949 544 2009 verbis
589 1949 707 2008 sive
748 1948 1158 2007 benedictionis
1203 1947 1322 2007 sive
1365 1946 1672 2029 praecepti:
1714 1946 1946 2004 Crescite
1989 1958 2039 2004 ct
2079 1947 2220 2004 mul-

363 2045 694 2125 tiplicamini
713 2057 761 2102 et
784 2045 981 2124 replete
1015 2056 1231 2103 terram.
1263 2042 1750 2125 Deprehendimus
1782 2042 1947 2101 etiam
1971 2042 2220 2123 Scriptu-

361 2163 480 2200 ram
524 2140 745 2199 exibere
784 2140 1138 2222 polygamiae
1180 2161 1346 2200 usum
1391 2162 1491 2199 seu
1533 2160 1743 2199 morem
1786 2138 1996 2220 ubique
2038 2139 2095 2196 in
2140 2161 2213 2199 re-

357 2237 620 2317 gionibus
665 2236 1029 2297 orientalibus
1081 2236 1277 2318 primis
1329 2235 1671 2317 temporibus
1725 2248 2028 2317 receptam,
2080 2236 2214 2316 quin

360 2333 533 2393 ullum
578 2346 844 2414 appareat
872 2332 1313 2414 dispensationis
1346 2331 1571 2391 divinae
1600 2331 1926 2411 vestigium,
1964 2331 2215 2412 adeoque

359 2428 746 2489 sanctissimos
778 2427 1126 2509 patriarchas
1157 2427 1214 2485 in
1246 2427 1564 2509 polygamia
1594 2425 1966 2487 consectanda
2005 2448 2213 2486 morem

356 2524 935 2606 consuetudinemque
969 2546 1068 2605 pro
1099 2537 1277 2584 aetate
1307 2524 1402 2583 illa
1421 2573 1433 2595 ,
1471 2537 1639 2605 atque
1669 2523 1782 2583 illis
1812 2523 1868 2581 in
1894 2522 2214 2603 regionibus

475 2730 583 2782 (120)
611 2732 658 2770 In
685 2741 773 2782 cap.
797 2732 904 2770 XIX.
926 2734 1078 2781 Evang.
1093 2731 1289 2782 Mattli.q.
1305 2736 1367 2771 33.
1389 2732 1429 2770 et
1452 2733 1514 2769 34.
1531 2729 1601 2768 ubi
1621 2728 1834 2779 diligenter
1852 2727 2020 2767 discutit
2039 2726 2215 2766 rationae

354 2806 495 2836 omnes
523 2795 671 2847 quibus
700 2796 885 2836 nonnulli
914 2796 1086 2847 permoti
1116 2795 1412 2835 contenderunt
1439 2795 1710 2835 necessarium
1739 2794 1864 2833 fuisse
1891 2793 1942 2832 ad
1970 2792 2081 2832 licite
2098 2792 2210 2832 uten-

352 2863 451 2902 dum
477 2862 706 2913 polygamia
724 2863 862 2913 aliqua
880 2863 966 2903 sive
984 2862 1229 2902 revelatione
1245 2863 1331 2902 sive
1346 2861 1489 2902 saltem
1518 2861 1783 2912 inspiratione
1810 2859 1972 2909 divina;
2001 2859 2215 2908 utramque

351 2929 486 2969 autem
513 2929 707 2970 excludit.
727 2929 805 2969 Sed
829 2929 962 2980 ipsum
990 2929 1127 2968 adisis.

475 2995 582 3046 (121)
612 2998 649 3035 E
652 2998 927 3036 narrationes
944 2996 983 3035 in
1001 2998 1091 3036 Iesu
1111 2996 1263 3036 Christi
1284 2996 1547 3047 Evangelium
1565 2995 1788 3036 secundum
1809 3005 1841 3033 s.
1862 2992 2004 3032 Matth.
2020 2990 2213 3030 Coloniae

352 3062 517 3113 Agripp.
544 3067 656 3102 1566.
677 3061 783 3112 disp.
805 3063 834 3101 l.

471 3127 579 3180 (122)
607 3128 839 3180 Speculum
866 3130 1193 3178 conmemorant,
1212 3127 1374 3167 Mediol.
1402 3133 1511 3168 1599.
1531 3128 1635 3177 part.
1658 3128 1707 3167 11.
1724 3128 1797 3166 art.
1821 3131 1880 3166 15.
1906 3125 1975 3164 ubi
1996 3134 2092 3175 prae
2110 3124 2213 3163 cete-

356 3194 410 3234 ris
428 3195 601 3235 ulterius
619 3194 891 3246 progreditur.
913 3194 976 3234 Cf.
998 3205 1088 3245 pag.
1105 3199 1178 3234 218
1200 3204 1314 3244 seqq.

471 3262 580 3313 (123)
608 3264 670 3301 De
696 3263 996 3312 matrimonio,
1024 3262 1179 3312 quaest.
1205 3267 1237 3300 1.
1256 3260 1307 3300 ad
1326 3262 1394 3300 IV.
1416 3272 1571 3310 argum.
1591 3264 1693 3312 opp.
1711 3260 1924 3310 theologic.
1943 3258 2125 3299 Lutetiae
2139 3259 2212 3297 Pae

354 3328 420 3367 ris.
441 3331 553 3369 1677.
577 3328 619 3368 in
640 3328 713 3368 sol.
731 3330 834 3368 tom.
853 3331 905 3368 ΙΙ.
927 3339 1016 3379 pag.
1036 3331 1110 3369 435
1130 3338 1218 3377 seq.

472 3393 582 3446 (124)
614 3397 891 3441 Quaestiones
918 3397 963 3435 in
995 3396 1140 3435 Gencs.
1162 3395 1295 3435 Lutet.
1323 3394 1451 3434 Paris.
1479 3399 1590 3435 1623.
1615 3394 1696 3433 vol.
1720 3404 1787 3433 un.
1810 3394 1851 3433 in
1873 3392 1941 3433 sol.
1965 3392 2006 3431 in
2030 3402 2117 3441 cap.
2139 3392 2205 3429 lv.

353 3463 501 3501 Genes.
525 3461 691 3506 Quaest.
714 3462 818 3501 LIV.

473 3526 582 3577 (125)
611 3527 689 3574 Qui
718 3526 770 3566 ab
801 3527 863 3567 liis
894 3526 991 3577 ipsis
1019 3527 1242 3577 allegantur
1270 3538 1373 3577 quos
1393 3526 1678 3566 recensuimus
