2320 4030
427 326 538 365 cn.
562 325 597 364 1.
624 325 684 363 nn
719 321 1001 363 romonum
1032 321 1372 361 smmmm.
1399 322 1512 360 ΛΒΤ.
1544 321 1614 359 iv.
1863 300 1932 355 53
1965 379 1968 384 Ι

125 421 274 502 prior
304 443 336 479 a
365 421 584 481 Christo
617 419 848 478 Domino
891 415 1175 495 repudiata
1217 431 1318 474 est.
1349 417 1506 486 Quod
1536 428 1596 474 ut
1622 415 1940 474 evincamus

122 508 430 573 doctrinam
469 506 882 580 exhibebimuS,
919 531 1062 589 quae
1091 510 1145 565 in
1180 510 1353 568 sacris
1386 511 1511 569 novi
1540 509 1775 569 foederis
1804 509 1943 567 litte-

128 611 204 668 ris
237 610 567 678 continetur;
602 605 983 666 exhibebimus
1015 617 1355 663 constantem
1377 605 1641 663 ecclesiae
1679 626 1899 663 sensum
1925 653 1936 673 ,

126 726 192 763 ac
236 703 455 762 demum
497 702 743 760 eiusdem
784 713 1106 780 perpetuam
1148 698 1380 778 praxim,
1427 720 1570 778 quae
1612 699 1772 758 nobis
1822 721 1943 777 ger-

128 820 346 855 manam
389 796 695 855 divinorum
747 794 1089 852 oraculorum
1139 791 1553 870 intelligentiam
1607 794 1938 872 suppeditat.

247 892 410 948 Porro
451 888 578 946 licet
619 887 871 946 Christus
912 886 1176 945 Dominus
1220 885 1426 943 directe
1469 883 1658 943 Matth.
1693 874 1855 944 Xqu
1883 890 1936 944 3.

126 1005 284 1063 seqq.
321 981 860 1040 indissolubilitatem
889 980 1092 1040 vinculi
1126 979 1433 1057 coniugalis
1464 992 1667 1038 statuat
1688 1004 1785 1061 per
1815 983 1947 1041 abo-

127 1078 369 1136 litionem
411 1076 584 1134 libelli
629 1078 876 1156 repudii,
924 1089 1159 1134 attamen
1203 1076 1390 1152 negari
1442 1076 1635 1154 nequit
1682 1078 1944 1136 unitatem

125 1175 290 1231 etiam
332 1174 664 1231 matrimonii
697 1174 978 1243 statuisse,
1015 1185 1285 1252 quatenus
1316 1172 1634 1250 coniugium
1673 1175 1944 1233 revocavit

129 1268 199 1326 ad
224 1268 556 1347 primaevam
583 1291 737 1327 suam
761 1268 1152 1337 conditionem,
1182 1266 1390 1325 scilicet
1419 1267 1489 1325 ad
1519 1268 1941 1346 monogamiam,

128 1385 271 1443 quae
314 1363 456 1421 inter
500 1375 907 1442 protoparentes
951 1362 1053 1419 fuit
1081 1360 1393 1420 constituta.
1419 1361 1595 1419 Verba
1624 1360 1828 1420 Christi
1867 1363 1947 1420 sic

133 1480 192 1516 se
223 1457 453 1515 habent:
483 1458 634 1515 «Non
666 1457 907 1535 legistiS,
943 1456 1073 1537 quia
1094 1456 1191 1536 qui
1215 1455 1342 1514 fecit
1364 1455 1642 1514 hominem
1666 1456 1734 1513 ab
1758 1457 1942 1526 initio,

130 1553 438 1611 masculum
481 1565 534 1610 et
576 1552 868 1610 foeminam
922 1551 1049 1609 fecit
1100 1548 1236 1609 eos?
1274 1563 1328 1608 et
1378 1550 1542 1607 dixit:
1580 1553 1805 1631 Propter
1846 1552 1951 1610 hoc

130 1648 364 1706 dimittet
395 1648 558 1706 homo
588 1661 796 1727 patrem
821 1659 873 1705 et
902 1659 1156 1716 matrem,
1177 1659 1238 1723 'et
1260 1646 1580 1704 adhaerebit
1607 1647 1760 1705 uxori
1793 1669 1944 1717 suae,

129 1756 186 1800 et
224 1756 383 1800 erunt
423 1744 531 1802 duo
562 1743 618 1800 in
649 1764 813 1801 carne
842 1765 971 1800 una.
1008 1744 1200 1822 Itaque
1229 1742 1338 1799 iam
1370 1763 1479 1799 non
1510 1754 1638 1800 sunt
1666 1742 1809 1813 duc,
1853 1743 1950 1801 sed

132 1860 240 1895 una
282 1860 425 1896 caro.
478 1838 635 1907 Quod
678 1860 805 1916 ergo
833 1839 981 1896 Deus
1011 1837 1325 1907 coniunxit,
1362 1837 1527 1895 homo
1566 1859 1673 1895 non
1707 1852 1944 1917 separet.

131 1934 329 1991 Dicunt
370 1933 448 1991 illi
486 1934 870 2013 (pharisaei):
908 1933 1053 2002 Quid
1084 1954 1211 2010 ergo
1245 1934 1460 2012 Moyses
1500 1933 1781 1992 mandavit
1819 1934 1950 1992 dare

131 2031 371 2090 libellum
416 2033 628 2112 repudii
671 2047 725 2092 et
765 2031 1082 2091 dimittere?
1110 2030 1199 2089 Ait
1240 2030 1383 2099 illis3
1420 2029 1680 2110 quoniam
1734 2031 1952 2110 Moyses

133 2128 203 2185 ad
245 2128 501 2186 duritiam
545 2129 727 2188 cordis
767 2129 934 2188 vestri
979 2127 1228 2209 permisit
1266 2125 1425 2185 vobis
1455 2125 1728 2184 dimittere
1756 2148 1953 2186 uxores

133 2235 372 2281 vestras:
423 2223 492 2281 ab
535 2224 689 2282 initio
732 2237 911 2282 autem
956 2245 1065 2282 non
1108 2222 1210 2279 fuit
1239 2221 1339 2280 sic.
1374 2220 1508 2279 Dico
1539 2233 1719 2278 autem
1755 2221 1914 2280 vobis
1937 2270 1948 2291 ,

135 2316 263 2396 quia
305 2318 636 2398 quicumque
677 2318 948 2376 dimiserit
987 2338 1209 2375 uxorem
1262 2336 1451 2385 suam,
1500 2315 1607 2373 nisi
1662 2314 1734 2373 ob
1783 2316 1954 2375 forni—

134 2410 434 2480 cationem,
469 2425 521 2469 et
549 2411 713 2470 aliam
759 2412 1004 2480 duxerit,
1043 2410 1391 2479 moechatur,
1433 2422 1486 2468 et
1525 2409 1621 2490 qui
1663 2409 1953 2469 dimissam

136 2503 379 2574 duxerit,
427 2506 801 2579 moechatur.»

258 2597 401 2665 Quid
445 2600 551 2657 sibi
591 2601 722 2659 velit
762 2615 813 2660 et
855 2623 964 2682 quo
1008 2614 1218 2681 spectet
1262 2600 1355 2659 illa
1398 2600 1645 2680 exceptio
1690 2600 1758 2657 de
1788 2600 1956 2658 forni-

139 2689 355 2747 catione
406 2713 506 2749 suo
555 2693 672 2752 loco
725 2696 1114 2774 expendemus.
1153 2696 1375 2752 Interim
1429 2716 1494 2752 ex
1551 2706 1662 2751 toto
1704 2707 1955 2752 contextu

142 2795 289 2860 patet
319 2783 594 2843 Christum
626 2787 694 2844 ad
725 2788 1074 2866 primaevam·
1099 2788 1495 2846 institutionem
1526 2787 1840 2865 coniugium
1873 2811 1954 2847 re—

141 2897 392 2946 vocasse,
447 2879 662 2956 inqua
711 2882 929 2939 nonnisi
983 2903 1126 2939 unus
1177 2881 1654 2961 unifflconiunctus
1704 2884 1843 2952 fuit,
1904 2896 1956 2941 et

144 2983 418 3048 praeterea
449 2995 547 3051 per
576 2976 876 3053 posteriora
896 2975 1062 3033 verba
1087 2976 1465 3048 constituisse,
1493 2992 1554 3037 ut
1582 2977 1955 3059 primordialis

142 3063 234 3122 illa
257 3059 524 3125 institutio
547 3067 834 3150 deinceps,
864 3069 1016 3127 nulla
1038 3069 1360 3146 interposita
1383 3074 1761 3144 excusatione,
1798 3093 1956 3132 secus

140 3179 203 3216 ac
245 3160 300 3216 in
345 3160 462 3239 lege
505 3165 745 3221 mosaica
786 3163 1081 3235 acciderat,
1133 3166 1368 3244 perfecte
1412 3175 1743 3239 servaretur,
1793 3168 1870 3225 ita
1898 3181 1957 3223 ut

143 3253 289 3312 nullo
320 3277 577 3335 umquam
608 3258 664 3314 in
696 3280 827 3317 casu
848 3307 859 3328 ,
894 3281 963 3317 ne
991 3259 1367 3319 fornicationis
1400 3262 1656 3366 quidem,
1690 3262 1772 3321 sas
1810 3275 1957 3320 esset

140 3347 256 3404 viro
273 3348 410 3407 duas
433 3363 527 3408 aut
547 3351 732 3431 plures
756 3374 952 3411 uxores
976 3353 1199 3423 habore,
1223 3354 1338 3414 sive
1358 3355 1590 3414 dimissa
1613 3357 1730 3414 sive
1750 3368 1956 3413 retenta

141 3441 384 3501 adultera
424 3467 624 3515 uxore,
662 3447 907 3528 adeoque
936 3448 1270 3528 quicumque
1302 3449 1355 3506 id
1389 3462 1674 3509 attentaret
1711 3472 1770 3509 se
1805 3470 1952 3508 reum

142 3534 391 3593 adulterii
436 3540 804 3598 constitueret
