2320 4030
425 241 540 282 mr.
569 239 627 282 11.
657 240 721 281 nr.
767 239 1059 282 roncum
1088 238 1413 281 succsssswA.
1442 238 1559 278 ΑΜ.
1587 238 1624 279 1.
1866 220 1934 277 81

88 342 301 423 nuptiis
323 353 455 400 sunt
478 340 771 422 procreati.
801 339 1055 398 Ceterum
1077 386 1090 409 ,
1117 349 1180 397 ut
1200 337 1445 397 diximus
1464 386 1477 410 ,
1511 358 1607 397 eas
1631 357 1939 418 numquam

87 438 145 495 in
180 459 243 497 se
285 450 341 496 et
380 436 633 497 absolute
675 434 929 494 Ecclesia
971 433 1309 514 improbavit
1356 436 1522 513 (23)..

206 532 276 591 Et
323 531 462 590 haec
502 530 730 612 quidem
769 529 839 588 de
880 527 1166 587 Ecclesiae
1208 528 1503 610 utriusque
1544 528 1834 589 orientalis
1886 541 1942 588 et

85 626 450 687 occidentalis
496 648 671 692 sensu
726 647 792 685 ac
852 636 1038 684 mente
1086 621 1304 682 dixisse
1365 625 1643 685 sufficiat:
1692 638 1748 685 at
1791 624 1942 706 quod

85 723 279 783 attinet
324 723 394 782 ad
431 722 682 804 privatos
713 720 990 801 quosdam
1034 719 1335 799 scriptores
1373 733 1468 778 aut
1508 721 1676 780 etiam
1719 734 1937 803 patreS,

85 818 370 878 fatendum
400 830 486 877 est
513 815 811 876 nonnullos
835 815 942 875 hac
976 815 1035 873 in
1065 837 1123 874 re
1151 814 1380 874 modum
1401 816 1715 876 excessisse
1744 839 1810 877 ac
1839 817 1944 876 du-

85 913 203 974 rius
247 913 459 973 locutos
495 933 643 971 esse.

203 1010 283 1069 Ne
324 1021 508 1068 tamen
550 1029 646 1067 eos
691 1007 814 1067 sine
855 1007 1109 1067 examine
1150 1028 1219 1066 ex
1268 1007 1553 1067 communi
1596 1009 1943 1089 praeiudicio

82 1105 435 1175 damnemus,
463 1115 709 1186 praestat
729 1124 922 1163 eorum
945 1101 1112 1162 effata
1133 1102 1501 1184 perpendere:
1530 1102 1772 1163 fortasse
1791 1105 1943 1164 enim

85 1201 162 1260 ita
204 1199 441 1260 emolliri
472 1211 710 1281 possunt
739 1221 805 1259 ac
836 1198 1059 1269 debent,
1086 1211 1149 1258 ut
1178 1197 1307 1258 licet
1327 1198 1510 1280 prima
1534 1198 1713 1259 sronte
1743 1199 1814 1258 ab
1844 1200 1944 1259 Ec-

80 1297 286 1361 clesiae
337 1317 508 1356 sensu
557 1294 878 1355 discordare
912 1293 1236 1365 videantur,
1272 1294 1519 1376 penitius
1566 1294 1820 1377 inspecta
1852 1317 1945 1355 ca-

86 1392 354 1452 tholicum
386 1413 616 1451 sensum
648 1390 906 1451 fundunt.

206 1488 390 1547 Primo
432 1487 621 1569 itaque
656 1485 1039 1567 Athenagoras
1071 1509 1356 1570 exponens
1398 1500 1648 1549 veterum
1687 1489 1947 1549 christia-

84 1606 280 1644 norum
326 1605 508 1644 mores
548 1608 577 1640 «
602 1584 1082 1654 Demonstratioue,
1112 1596 1166 1644 et
1205 1584 1502 1665 disciplina
1531 1586 1814 1645 actionum
1858 1608 1945 1644 res

83 1692 327 1752 nostrae,
378 1680 594 1762 inquit,
643 1680 1026 1752 continentur,
1060 1693 1123 1740 ut
1151 1681 1397 1762 quisque
1426 1681 1515 1741 vel
1558 1681 1744 1763 qualis
1778 1695 1944 1741 natus

83 1789 196 1846 est,
233 1789 478 1847 maneat,
505 1775 594 1836 vel
624 1775 808 1835 unicis
832 1776 890 1836 in
925 1777 1159 1858 nuptiis.
1198 1777 1491 1836 Secundae
1522 1778 1672 1837 enim
1698 1778 1947 1837 decorum

81 1870 483 1929 adulterium...
508 1870 617 1941 Qui
650 1871 856 1953 seipse
884 1872 1066 1954 prima
1092 1894 1263 1931 uxore
1285 1871 1526 1951 spoliat,
1554 1873 1777 1932 etiamsi
1799 1885 1948 1934 mor-

80 1979 176 2025 tua
198 1965 301 2038 sit,
330 1966 548 2026 occulta
575 1967 820 2048 quadam
851 1968 1064 2026 ratione
1094 1980 1181 2026 est
1209 1967 1459 2039 adulter;
1496 1981 1613 2027 tum
1644 1970 1796 2051 quod
1829 1993 1948 2030 ma-

84 2065 217 2122 num
249 2062 351 2121 Dei
389 2062 832 2142 transgrediatur
865 2066 1031 2142 (nam
1071 2062 1232 2123 initio
1261 2063 1413 2124 Deus
1457 2087 1631 2124 unum
1662 2065 1946 2132 hominem

82 2157 242 2217 finxit
270 2180 335 2218 ac
365 2181 536 2218 unam
560 2158 883 2236 mulierem)
910 2207 923 2232 ,
953 2171 1071 2218 tum
1096 2158 1248 2241 quod
1271 2160 1459 2221 carnis
1482 2182 1609 2220 cum
1633 2183 1801 2222 carne
1821 2185 1948 2223 con-

80 2253 418 2314 iunctionem
449 2254 692 2336 quodam
714 2254 884 2315 veluti
913 2254 1138 2316 vinculo
1161 2255 1234 2315 ad
1257 2256 1735 2317 commiscendum
1766 2281 1944 2339 genus

80 2349 399 2429 colligatam
423 2349 695 2411 dissolvat
734 2352 924 2430 (24>.»
952 2351 1231 2411 Nonnulla
1259 2365 1445 2412 tamen
1476 2353 1534 2412 in
1565 2353 1719 2415 hunc
1759 2355 1944 2415 locum

83 2444 575 2505 animadvertenda
597 2457 749 2518 sunt,
770 2466 835 2505 ac
852 2447 909 2504 1.
933 2446 1084 2527 quod
1106 2445 1492 2527 Athenagoras
1513 2447 1776 2531 loquatur
1794 2450 1947 2510 iuxta

81 2559 428 2600 communem
457 2563 524 2602 ac
554 2555 833 2624 receptam
864 2543 1082 2624 passim
1115 2555 1248 2602 tunc
1278 2544 1547 2625 temporis
1577 2545 1941 2627 disciplinam

84 2631 236 2692 iuxta
267 2655 434 2714 quam
464 2636 743 2696 secundae
778 2637 1010 2719 nuptiae
1051 2638 1143 2698 vix
1166 2686 1179 2709 ,
1209 2650 1306 2697 aut
1339 2660 1465 2698 raro
1503 2638 1938 2720 frequentaban-

83 2740 174 2786 tur
198 2727 268 2786 oh
288 2750 550 2807 magnum
579 2731 816 2811 pretium
837 2733 896 2791 in
922 2755 1034 2815 quo
1076 2733 1430 2812 monogamia
1452 2733 1782 2807 habebatur,
1802 2737 1943 2797 adeo

80 2833 142 2880 ut
184 2823 462 2883 secundae
494 2824 725 2906 nuptiae
757 2826 1001 2907 quodam
1032 2820 1307 2886 dedecore
1336 2841 1560 2888 notatae
1587 2829 1933 2903 viderentur;

83 2917 138 2974 2.
182 2917 333 2997 quod
377 2938 489 2977 non
527 2918 781 2980 absolute
824 2921 1102 2981 secundas
1147 2922 1374 3003 nuptias
1411 2936 1569 2983 vocet
1604 2924 1940 2984 adulterium

80 3011 181 3071 sed
205 3034 301 3072 eas
333 3014 576 3094 quodam
602 3027 1039 3097 temperamento
1070 3017 1141 3077 ob
1171 3019 1476 3099 quamdam
1500 3041 1626 3079 cum
1667 3020 1942 3081 adulterio

77 3106 521 3181 similitudinem,
555 3109 706 3170 dicat
740 3110 987 3170 decorum
1009 3125 1062 3171 et
1084 3114 1350 3173 occultum
1393 3114 1747 3175 adulterium.
1780 3116 1941 3187 Quod

78 3201 128 3260 si
170 3203 546 3265 existimasset
586 3208 865 3267 secundas
911 3209 1137 3290 nuptias
1181 3231 1311 3270 vere
1339 3211 1568 3283 vetitaS,
1604 3234 1700 3271 eas
1745 3235 1939 3294 presse

78 3295 411 3359 adulterium
433 3300 688 3375 dixisset,
718 3302 971 3386 illudque
1001 3304 1309 3364 indecorum
1334 3329 1588 3388 prorsus,
1618 3330 1684 3367 ac
1712 3308 1939 3388 manife-

197 3455 278 3505 (23)
305 3457 368 3498 Cf.
389 3458 581 3500 Chardon
615 3463 729 3502 Hist.
749 3461 825 3502 des
840 3462 1022 3504 sacrem.
1046 3463 1147 3504 tom.
1171 3465 1242 3504 v1.
1277 3466 1345 3506 Du
1369 3468 1566 3516 Mariaqe
1596 3466 1661 3507 ch.
1681 3468 1749 3506 lv.
1778 3466 1855 3505 art.
1886 3470 1920 3505 1.

203 3522 284 3574 (24)
317 3525 360 3564 ln
392 3526 528 3575 Legat.
561 3538 632 3578 pro
653 3528 804 3568 Christ.
825 3540 865 3569 n.
890 3535 951 3570 33.
975 3529 1074 3571 edit.
1097 3532 1248 3571 Maran.

205 3609 271 3653 111
1671 3579 1675 3582 ‘
1773 3625 1800 3665 6
