2320 4030
402 274 513 314 cAP.
544 274 579 312 1.
611 274 673 313 DE
698 273 983 313 POLYGAMIA
1013 271 1351 312 smuLTANEA.
1382 271 1497 311 Aur.
1531 273 1600 312 iv.
1836 254 1907 311 63

81 371 228 452 apud
277 392 371 429 eos
414 371 617 429 valent.
673 371 888 429 Etenim
940 369 1140 427 rectius
1184 391 1278 428 eos
1321 369 1528 428 dixeris
1579 367 1910 427 constituere

82 466 399 544 religionem
424 487 456 523 a
479 465 783 523 christiana
805 462 1028 522 omnino
1049 462 1349 535 diversam,
1380 486 1481 523 nec
1503 485 1700 523 novam
1724 484 1913 543 quam-

77 561 204 619 dam
244 573 449 619 sectam
485 559 873 628 christianam,
903 557 1000 617 sed
1025 556 1207 638 potius
1233 559 1530 639 quemdam
1553 580 1756 618 novum
1779 558 1912 617 isla—

78 656 338 714 mismum
382 655 729 715 constituere.
772 654 979 712 Revera
1022 653 1486 733 quemadmodum
1533 653 1808 712 islamitae
1853 653 1909 710 in

79 749 441 828 Evangelium
478 760 530 806 et
569 747 626 804 in
658 748 839 805 lesum
870 745 1178 816 Christum,
1215 767 1317 804 sua
1347 759 1530 804 tamen
1570 747 1808 818 ratione,
1855 768 1914 805 se

79 844 300 903 credere
340 842 662 923 profitentur
697 853 752 899 at
785 840 952 899 simul
995 840 1225 899 credunt
1273 840 1438 899 etiam
1483 840 1539 898 in
1582 840 1910 900 Alcoranum

79 951 357 1018 tamquam
399 937 456 994 in
497 935 729 1005 librum,
768 934 862 1016 qui
899 934 998 993 Dei
1040 934 1269 994 verbum
1304 935 1544 993 continet
1566 980 1578 1004 ,
1616 934 1720 992 etsi
1750 934 1912 994 Alco-

81 1047 247 1090 ranus
291 1031 346 1088 in
390 1029 578 1088 multis
613 1029 912 1108 Evangelio
949 1029 1302 1099 adversetur,
1346 1028 1430 1087 sic
1466 1028 1829 1087 mormonitae
1857 1042 1911 1088 et

79 1128 134 1183 in
175 1125 543 1206 Evangelium
586 1126 809 1184 credere
844 1146 905 1184 se
940 1123 1132 1183 dicunt
1159 1136 1215 1182 at
1243 1123 1409 1183 simul
1441 1122 1498 1180 in
1535 1122 1739 1181 librum
1780 1125 1916 1182 Mor-

78 1222 257 1280 monis
301 1233 490 1301 utpote
528 1220 622 1301 qui
668 1220 894 1299 verbum
924 1219 1024 1278 Dei
1057 1219 1352 1289 contineat,
1393 1218 1767 1299 polygamiam
1803 1240 1913 1277 non

78 1338 240 1375 secus
263 1338 327 1375 ac
350 1316 623 1375 islamitae
656 1315 845 1375 divino
880 1315 998 1373 iure
1031 1314 1142 1374 sibi
1177 1314 1507 1394 permissam
1550 1312 1906 1373 arbitrantur.

77 1411 322 1470 Ecclesia
368 1411 505 1469 haec
545 1423 847 1469 sanctorum
890 1410 1099 1469 sanctis
1130 1409 1249 1468 suis
1288 1410 1397 1468 iam
1427 1408 1498 1468 ab
1525 1409 1631 1468 hac
1668 1409 1783 1467 vita
1813 1408 1909 1468 de-

78 1506 234 1564 licias
278 1505 653 1584 ‹legustandas
699 1504 922 1586 praebet
972 1503 1220 1584 paradisi
1263 1516 1321 1562 ut
1362 1504 1473 1562 dici
1517 1503 1655 1563 solet
1695 1503 1906 1562 islami-

80 1613 254 1659 tarum
308 1612 360 1659 et
411 1600 851 1680 epicuraeorum.
900 1599 1304 1660 Revelationem
1361 1599 1508 1658 circa
1561 1598 1910 1679 polygamiae

77 1717 239 1754 usum
269 1717 333 1755 ac
363 1696 450 1754 ius
479 1695 665 1754 datam
700 1695 874 1753 fuisse
916 1694 1107 1753 dicunt
1149 1695 1246 1752 uni
1291 1715 1357 1752 ex
1401 1693 1667 1753 ecclesiae
1711 1693 1915 1773 primo-

79 1789 229 1849 ribus
274 1789 479 1871 Sidney
523 1789 735 1869 Rigdon
779 1790 834 1847 in
877 1788 1013 1848 urbe
1049 1791 1307 1860 Nauv00,
1351 1789 1421 1848 de
1462 1811 1574 1870 qua
1612 1811 1782 1869 supra
1811 1787 1913 1846 ali-

77 1884 211 1964 quid
249 1884 565 1954 innuimus,
606 1906 670 1943 ac
713 1885 892 1964 primo
926 1883 1063 1944 haec
1106 1884 1408 1943 immoralis
1452 1884 1703 1943 doctrina
1746 1883 1915 1942 coho-

77 1990 290 2038 nestata
329 1979 431 2038 fuit
472 1979 694 2039 nomine
736 1980 1041 2060 spiritualis
1075 1980 1424 2059 polyqamiac
1454 1977 1582 2038 licet
1610 2000 1675 2036 ex
1705 2000 1772 2037 ea
1799 1999 1912 2037 =non

74 2075 322 2152 spiritus,
362 2075 459 2134 sed
491 2075 722 2133 homines
763 2086 1195 2156 procrearentur.
1248 2073 1477 2132 Publica
1518 2074 1657 2133 haec
1699 2094 1912 2132 morum

76 2168 337 2241 foeditas,
401 2182 617 2249 praeter
665 2168 902 2228 rationes
933 2168 1186 2249 politicas
1218 2168 1288 2228 ob
1319 2180 1502 2227 sectae
1540 2167 1908 2237 incrementa,

78 2285 186 2323 non
241 2264 436 2323 ultima
489 2265 591 2323 fuit
632 2287 698 2323 ex
741 2264 928 2323 causis
980 2286 1079 2323 cur
1131 2263 1599 2344 quemadmodum
1644 2275 1806 2322 antea
1848 2284 1914 2321 ex

74 2359 331 2418 Mz‘ssourz‘
370 2360 443 2418 ita
485 2359 613 2418 dein
655 2380 719 2417 ex
762 2359 977 2417 Illinois
1019 2380 1117 2438 per
1157 2359 1270 2418 vim
1313 2358 1642 2417 eiicerentur
1677 2379 1743 2417 ac
1779 2356 1913 2416 urbs

76 2453 198 2532 ipsa
239 2455 465 2514 Nauvoo'
505 2454 778 2513 deleretur
813 2457 998 2532 (158).
1030 2456 1165 2512 Tum
1208 2475 1336 2513 vero
1379 2475 1691 2513 mormones
1736 2453 1914 2511 incre-

77 2547 234 2604 dibili
276 2549 555 2608 alacritate
595 2562 648 2608 et
690 2549 1002 2608 constantia
1027 2549 1084 2607 in
1108 2548 1508 2608 remotissimas
1549 2548 1910 2626 desertasque

81 2641 476 2702 foederatorum
500 2646 750 2703 Statuum
776 2646 1027 2724 regiones
1058 2645 1465 2723 immigrarunt,
1492 2655 1657 2723 atque
1687 2643 1743 2699 in
1764 2641 1909 2700 valle

80 2757 221 2816 quae
264 2737 465 2795 dicitur
492 2740 665 2797 Lacus
695 2739 839 2798 Salis
870 2740 996 2799 novi
1027 2741 1212 2818 Status
1242 2738 1597 2796 fundamenta
1630 2737 1904 2806 iecerunt,

79 2853 242 2910 quem
285 2832 499 2889 De'scrct
533 2846 764 2903 vocant,
808 2845 971 2913 atque
1013 2832 1145 2891 illuc
1185 2854 1250 2891 ex
1292 2831 1625 2912 propinquis
1660 2830 1906 2889 Statibus

82 2925 411 2985 Californiae
447 2939 500 2985 et
540 2925 790 3005 Oregon,
827 2939 879 2985 et
910 2949 970 2986 ex
1006 2926 1260 2986 tribubus
1298 2925 1582 2985 Americae
1611 2939 1664 2985 et
1693 2948 1759 2985 ex
1790 2946 1910 3006 pro-

195 3133 302 3182 (158)
334 3133 454 3172 Paulo
480 3136 570 3184 post
599 3144 852 3173 mormonum
887 3134 1188 3184 emigrationem
1217 3134 1268 3173 ad
1297 3133 1408 3174 urbis
1434 3136 1602 3174 Nauvoo
1626 3132 1819 3183 reliquias
1846 3132 1910 3171 de-

81 3198 187 3238 venit
204 3210 252 3238 ex
273 3199 416 3238 Galliis
435 3200 593 3238 colonia
609 3199 893 3250 icarianorum,
913 3200 1022 3251 digni
1046 3200 1212 3252 prorsus
1232 3201 1301 3252 qui
1323 3199 1600 3240 mormonibus
1622 3199 1905 3240 succederent:

79 3264 236 3303 tandem
259 3261 362 3303 anno
390 3269 497 3304 1850.
520 3264 616 3304 urbs
641 3275 805 3314 prorsus
822 3265 952 3305 deleta
967 3266 1028 3305 est
1047 3265 1167 3305 simul
1188 3276 1285 3305 cum
1304 3265 1454 3315 templo
1478 3265 1544 3304 cui
1563 3275 1791 3304 mormoncs
1806 3265 1908 3303 hanc

77 3328 372 3379 inscriptionem
387 3329 611 3370 affixerant.
631 3330 715 3370 The
730 3330 857 3371 house
871 3330 918 3370 of
929 3330 997 3371 the
1009 3330 1137 3371 Lord:
1157 3330 1262 3371 built
1280 3330 1411 3382 hythe
1422 3331 1582 3370 Church
1595 3330 1641 3370 of
1651 3333 1762 3370 Iesus
1776 3329 1911 3369 Christ

76 3394 120 3431 os
132 3393 355 3444 Latterziay
374 3394 514 3434 saints.
530 3394 715 3434 Holiness
738 3395 781 3434 to
797 3395 866 3435 the
884 3395 1006 3435 Lord.
1024 3398 1186 3436 Domus
1211 3397 1385 3436 Domini
1407 3394 1640 3445 aedificata
1658 3395 1713 3436 ab
1731 3393 1909 3435 ecclesia

80 3461 177 3498 lesu
197 3459 357 3499 Christi
377 3461 707 3501 novissimorum
726 3459 896 3501 dierum
923 3463 1189 3502 sanctorum.
1210 3463 1425 3502 Sanctitas
1453 3464 1649 3502 Domino.
1670 3463 1719 3499 V.
1736 3461 1910 3509 Harpers

79 3523 315 3573 Maqazz'ne.
337 3523 419 3566 The
435 3526 667 3567 Mormons,
687 3528 787 3565 New
808 3525 932 3566 Yorlt.
960 3531 1069 3568 1853.
1090 3526 1172 3567 vol.
1195 3528 1264 3566 VI.
1289 3538 1326 3576 p.
1345 3531 1433 3567 615.
