2320 4030
468 273 580 313 CAP.
611 273 646 311 1.
677 273 741 312 DE
767 271 1052 312 POLYGAMIA
1082 270 1422 311 SIMULTANEA.
1451 269 1566 308 ΛΒΤ.
1590 269 1647 307 11.
1902 251 1973 307 33

138 371 322 441 milia,
376 370 472 430 ubi
516 371 610 429 uni
654 370 773 428 viro
815 368 1001 449 plures
1050 388 1249 426 uxores
1307 367 1640 445 iunguntur,
1689 386 1814 423 cum
1862 386 1971 424 non

140 467 315 546 possit
344 488 488 525 unus
516 466 603 524 vir
635 464 888 524 sufficere
918 462 988 520 ad
1020 460 1474 520 satisfaciendum
1506 461 1759 543 pluribus
1791 461 1975 520 uxori—

138 559 243 619 bus
286 561 355 619 ad
397 573 612 630 votum,
649 571 701 618 et
729 556 861 638 quia
891 555 1318 615 communicatio
1350 555 1590 635 plurium
1623 556 1679 614 in
1710 577 1820 615 uno
1851 555 1974 614 offi-

140 654 225 715 cio
262 668 454 715 causat
494 654 675 723 litem,
726 651 869 711 sicut
913 650 1065 730 figuli
1109 650 1454 710 corrixantur
1495 653 1562 710 ad
1609 652 1874 723 invicem,
1924 664 1978 710 et

139 751 395 810 similiter
436 749 621 830 plures
666 769 867 807 uxores
912 747 1080 805 unius
1122 746 1225 805 viri
1256 748 1443 824 (76).»

260 845 401 904 Illud
451 844 624 903 obiter
665 843 887 902 tandem
939 841 1136 901 iuverit
1192 840 1668 912 animadvertere,
1732 855 1977 923 spectato

142 942 307 1001 etiam
349 939 467 999 solo
509 952 738 998 naturae
777 937 930 1010 iure,
967 936 1196 996 difficile
1238 936 1536 996 admodum
1581 958 1732 1008 esse,
1782 938 1979 997 infide—

138 1036 217 1095 les
245 1083 257 1105 ,
306 1056 475 1114 penes
520 1055 661 1115 quos
705 1033 1020 1115 polygamia
1055 1031 1261 1111 viguit,
1298 1045 1394 1090 aut
1423 1053 1595 1112 penes
1627 1053 1766 1113 quos
1798 1033 1980 1093 hacte-

138 1151 243 1188 nus
287 1129 521 1200 obtinet,
558 1150 590 1187 a
628 1141 853 1209 peccato
895 1148 1193 1198 excusare,
1229 1149 1295 1186 ex
1324 1149 1389 1187 eo
1432 1128 1786 1208 potissimum
1830 1129 1979 1209 quod

139 1225 176 1281 ii
208 1247 317 1284 non
350 1224 568 1284 honesti
600 1223 836 1283 alicuius
879 1223 1007 1282 finis
1049 1222 1226 1302 gratia
1268 1222 1421 1281 illam
1465 1223 1844 1304 frequentent,
1881 1224 1980 1283 sed

139 1320 317 1380 solum
373 1319 625 1378 libidinis
676 1332 865 1391 aestu,
914 1340 1025 1399 quo
1068 1318 1162 1389 fit,
1211 1331 1272 1377 ut
1311 1318 1599 1378 brutorum
1643 1340 1795 1378 more
1837 1318 1981 1378 ultra

139 1437 306 1496 quam
350 1415 489 1473 ferat
529 1413 771 1474 hominis
817 1413 1101 1473 rationalis
1161 1413 1404 1473 conditio
1447 1436 1511 1473 ac
1553 1414 1836 1493 dignitaS,
1885 1414 1981 1472 illa

140 1532 201 1569 se
230 1509 544 1590 implicent,
581 1531 643 1567 ex
676 1531 787 1590 qua
817 1509 1107 1567 innumera
1147 1530 1288 1589 pene
1331 1509 1477 1569 mala
1519 1509 1973 1590 proficiscuntur,

141 1605 453 1664 cuiusmodi
506 1617 636 1664 sunt
690 1603 943 1686 tyrannis
987 1604 1041 1662 in
1089 1604 1339 1675 familia,
1388 1604 1627 1664 filiorum
1672 1605 1982 1665 inconsulta

145 1698 557 1780 multiplicatio,
609 1698 829 1759 illorum
885 1699 1201 1778 neglectus,
1252 1699 1602 1779 interemptio
1658 1699 1975 1770 interdum,

138 1808 234 1854 aut
276 1795 470 1854 saltem
528 1794 750 1875 publica
806 1795 1076 1876 expositio
1117 1795 1174 1853 in
1215 1795 1324 1855 viis
1368 1817 1432 1854 ac
1475 1795 1640 1865 foris,
1690 1807 1750 1854 ut
1792 1809 1981 1855 notum

139 1903 316 1949 estex
347 1889 496 1949 indis
540 1902 705 1971 atque
749 1890 1091 1961 sinensibus,
1141 1911 1312 1970 penes
1357 1911 1498 1971 quos
1542 1890 1780 1969 singulis
1819 1891 1980 1950 annis

139 1983 559 2043 innumerabilis
591 2005 782 2044 recens
813 1998 1062 2045 natorum
1096 1983 1237 2064 perit
1266 1984 1561 2044 multitudo
1590 1985 1823 2063 (77).Et
1844 1985 1982 2044 haec

137 2078 208 2137 de
252 2079 370 2137 iure
413 2092 660 2138 naturae.

260 2250 341 2300 (76)
371 2253 415 2290 ln
436 2252 505 2292 lv.
526 2253 635 2292 Sent.
658 2251 699 2292 d.
722 2258 784 2294 33.
807 2263 848 2303 q.
876 2258 909 2293 ι.
933 2254 1009 2293 art.
1028 2259 1063 2293 1.
1086 2253 1128 2292 in
1147 2264 1258 2304 corp.

259 2317 341 2367 (77)
369 2317 588 2357 Barbarum
622 2318 731 2359 hunc
761 2330 914 2359 morem
953 2319 1179 2371 exponendi
1206 2319 1248 2359 in
1274 2319 1373 2359 soris
1392 2330 1439 2360 ac
1458 2319 1537 2360 viis
1563 2319 1736 2371 publicis
1761 2320 1933 2362 infantes
1959 2334 1983 2362 a

142 2383 373 2434 parentibus
399 2384 526 2424 nimia
553 2385 666 2436 prole
689 2385 846 2426 onustis
870 2385 1082 2436 antiquum
1106 2396 1192 2426 esse
1220 2397 1339 2426 nemo
1365 2387 1426 2427 est
1456 2386 1527 2437 qui
1556 2388 1722 2427 nesciat.
1741 2387 1866 2428 Nobis
1887 2390 1984 2430 satis

142 2450 208 2490 hic
221 2450 274 2490 sit
288 2450 409 2491 verba
426 2462 459 2491 s.
471 2451 681 2502 Augustini
701 2452 846 2492 afferre
863 2462 910 2492 ex
931 2452 1058 2503 Epist.
1072 2454 1253 2493 XCVIII.
1264 2453 1327 2493 ed.
1340 2456 1468 2494 Maur.
1487 2465 1529 2494 n.
1539 2460 1577 2495 6.
1595 2454 1744 2505 quibus
1758 2454 1801 2494 id
1815 2456 1984 2496 testatur

145 2516 321 2557 scribens
339 2517 600 2568 «Aliquando
630 2518 751 2559 etiam
787 2529 890 2569 quos
926 2518 1144 2559 crudeliter
1171 2520 1358 2570 parentes
1395 2522 1669 2571 exposuerunt
1700 2521 1937 2562 nutriendos
1959 2533 1983 2561 a

144 2581 408 2633 quibuslibet,
437 2594 742 2635 nonnumquam
774 2595 798 2624 a
828 2584 953 2625 sacris
984 2584 1211 2635 virginibus
1245 2586 1514 2637 colliguntur,
1549 2586 1589 2626 et
1616 2585 1667 2625 ab
1681 2586 1738 2626 eis
1757 2586 1984 2627 offeruntur

144 2645 195 2684 ad
224 2646 508 2698 baptismum.»
524 2650 731 2690 Interdum
761 2651 823 2690 vel
854 2651 963 2702 ipsas
990 2652 1140 2691 matres
1170 2651 1245 2691 hac
1275 2651 1327 2692 de
1352 2662 1474 2692 causa
1495 2652 1669 2691 infantes
1698 2663 1793 2692 suos
1821 2662 1984 2694 necasse

144 2711 257 2751 testis
276 2713 385 2752 ests.
404 2714 498 2753 otto
515 2725 825 2765 pomeranorum
847 2717 1055 2767 apostolus
1073 2717 1133 2756 sic
1149 2716 1338 2756 mulieres
1355 2716 1575 2756 allocutus:
1593 2718 1667 2755 «Et
1681 2718 1818 2767 partus
1844 2716 1981 2758 foemi-

143 2786 260 2826 neos,
282 2775 379 2827 quia
396 2787 492 2827 vos,
509 2788 534 2817 o
552 2779 765 2830 mulieres,
796 2791 939 2820 necare
969 2781 1238 2821 consuevistis
1248 2796 1260 2831 ;
1296 2781 1404 2831 quod
1441 2783 1638 2831 quantum
1671 2781 1983 2824 abominationis

146 2840 306 2889 habeat,
325 2842 494 2892 exprimi
521 2852 706 2883 sermone
730 2854 812 2883 non
840 2844 1019 2894 potest...
1031 2845 1127 2885 Sive
1143 2844 1267 2895 igitur
1281 2846 1334 2885 sit
1351 2846 1556 2887 masculus
1574 2846 1659 2887 sive
1675 2847 1873 2900 foemina,
1893 2848 1983 2888 dili-

144 2907 278 2955 genter
298 2907 471 2947 enutrite
497 2909 635 2958 partus
665 2910 839 2949 vestros:
865 2909 939 2950 Dei
965 2909 1072 2950 enim
1093 2911 1154 2951 est
1175 2912 1216 2951 et
1234 2922 1385 2951 marem
1411 2923 1644 2964 procreare,
1665 2913 1706 2954 et
1723 2913 1982 2955 foeminam.»

142 2970 260 3021 Apud
282 2971 463 3013 Bolland.
479 2983 604 3013 mens,
626 2974 702 3013 Iul.
725 2974 825 3014 tom.
845 2976 878 3014 I.
898 2974 939 3015 in
965 2974 1047 3014 vita
1068 2987 1100 3014 S.
1116 2977 1276 3017 ottonis
1295 2987 1383 3029 cap.
1404 2980 1455 3018 11.
1475 2989 1515 3018 n.
1536 2982 1601 3019 77.
1619 2989 1709 3030 pag.
1729 2983 1817 3021 397.

278 3593 340 3638 111
1883 3607 1905 3646 3
