2320 4030
430 316 542 356 CAP.
579 315 636 358 11.
665 315 730 356 DE
762 314 1051 356 POLYGAMIA
1081 313 1409 355 succsssslu.
1447 314 1563 355 ΛΒΤ.
1591 311 1632 352 1.
1883 294 1956 353 77

226 414 374 474 Talis
418 415 617 494 iugiter
665 413 767 472 fuit
808 400 1078 472 ecclesiae
1121 412 1353 492 spiritus
1377 460 1389 484 ,
1439 433 1583 494 quae
1635 411 1743 471 etsi
1802 431 1956 471 sum-

104 530 327 592 mopere
369 509 495 569 illos
538 506 1043 594 commendaverit,
1091 506 1186 587 qui
1233 508 1506 567 castitatis
1550 528 1737 567 amore
1780 506 1960 566 invi-

103 606 317 665 duitate
359 616 779 686 permanerent,
816 615 1001 662 tamen
1031 623 1126 662 eos
1157 619 1465 683 numquam
1508 603 1825 685 reprobavit
1859 603 1958 685 qui

105 723 171 760 ex
214 699 471 781 propriae
499 697 839 756 infirmitatis
872 696 1247 778 experimento
1278 709 1374 754 aut
1402 697 1514 756 alia
1542 698 1612 758 de
1641 720 1814 759 causa
1842 697 1959 758 vel-

101 795 215 854 lent
261 816 322 853 se
367 794 564 851 iterum
607 791 961 850 matrimonio
1004 790 1359 869 coniungere.

222 889 393 948 Cuius
438 885 764 946 assertionis
793 885 992 946 vadem
1029 885 1226 944 damus
1259 885 1586 966 scriptorem
1623 887 1956 968 antiquissi-

103 1007 282 1055 mum,
319 983 581 1041 Hermam
624 981 804 1040 virum
850 979 1242 1061 apostolicum,
1293 981 1391 1060 qui
1436 993 1624 1062 aperte
1666 981 1958 1070 profitetur

101 1100 228 1137 eum
271 1077 367 1158 qui
412 1075 612 1134 iterum
655 1074 828 1133 nubat
870 1096 979 1133 non
1030 1095 1260 1166 peccare
1303 1074 1532 1134 dicens:
1575 1100 1603 1132 «
1640 1075 1750 1146 Qui
1796 1076 1960 1135 nubit

108 1175 270 1253 (post
307 1171 666 1247 viduitatem)
692 1218 700 1227 .
726 1218 734 1226 .
764 1191 908 1229 ‚non
938 1182 1132 1250 peccat
1161 1171 1240 1248 (8)
1272 1193 1282 1227 :
1319 1193 1346 1225 »
1375 1169 1465 1229 Sic
1496 1170 1664 1228 etiam
1701 1170 1958 1230 Clemens

102 1267 255 1326 Alex.
293 1266 514 1325 scribit:
549 1264 903 1346 «Apostolus
939 1277 1161 1347 propter
1188 1265 1672 1347 intemperantiam
1703 1279 1757 1325 et
1786 1267 1959 1326 ustio-

104 1384 231 1420 nem
255 1409 267 1432 ,
296 1382 362 1420 ex
390 1359 556 1420 venia
586 1359 892 1418 secundum
927 1360 1181 1419 concedit
1215 1360 1665 1420 matrimonium:
1702 1382 1831 1420 nam
1862 1360 1956 1420 hic

108 1479 332 1539 quoque
362 1479 466 1514 non
489 1468 678 1536 peccat
718 1455 944 1537 quidem
987 1476 1054 1514 ex
1091 1468 1450 1528 testamentO,
1488 1478 1599 1516 non
1629 1470 1714 1517 est
1742 1451 1891 1516 enim
1924 1479 1957 1517 a

105 1553 226 1632 lege
267 1552 618 1633 prohibitus3
667 1573 778 1610 non
820 1550 1015 1632 implet
1065 1564 1250 1610 autem
1294 1574 1569 1611 summam
1615 1552 1767 1610 illam
1809 1552 1959 1613 vitae

100 1649 508 1729 perfectionem,
554 1668 698 1727 quae
739 1646 922 1724 agitur
960 1668 1025 1705 ex
1076 1646 1363 1725 evangelio
1408 1648 1555 1724 (9).»
1602 1646 1783 1705 Etiam
1820 1645 1949 1707 Ori-

105 1765 310 1822 geneS,
348 1742 602 1823 quamvis
644 1741 907 1801 secundis
952 1742 1165 1823 nuptiis
1216 1764 1277 1801 se
1322 1764 1577 1801 aversum
1614 1742 1946 1823 patefaciat,

109 1850 350 1895 attamen
390 1836 621 1895 minime
653 1835 755 1894 eas
780 1836 1034 1896 absolute
1063 1836 1321 1908 damnat,
1358 1837 1469 1896 imo
1500 1836 1682 1896 solum
1721 1835 1956 1898 feliciter

100 1931 372 2011 deceptum
400 1952 526 1989 eum
558 1944 779 2002 censet,
815 1932 911 2012 qui
950 1932 1077 1991 ideo
1108 1932 1180 1990 ab
1209 1931 1478 1991 iterandis
1510 1933 1722 2013 nuptiis
1755 1954 1816 1991 se
1858 1932 1956 1992 ab·

104 2026 301 2098 stinet,
342 2026 491 2107 quod
536 2048 630 2085 eas
675 2026 1023 2086 damnabiles
1066 2027 1484 2087 existimaverit.
1529 2028 1731 2088 Scribit
1766 2029 1949 2088 enim:

105 2146 133 2177 «
161 2122 297 2180 Sunt
338 2121 465 2192 alii,
495 2121 604 2202 ¹qui
656 2122 726 2180 ad
771 2122 1047 2183 secundas
1091 2123 1384 2183 convolare
1436 2124 1663 2205 nuptias
1718 2124 1945 2196 nolunt,

108 2217 256 2298 quod
314 2238 409 2276 eas
468 2216 815 2278 damnabiles
860 2217 1085 2300 putent.
1115 2220 1236 2279 ..ei
1281 2242 1426 2301 quae
1479 2221 1676 2280 unicas
1726 2221 1954 2302 nuptias

101 2313 393 2384 contraxit,
442 2312 678 2372 arbitror
719 2314 1128 2375 conducibilius
1163 2337 1291 2375 esse
1327 2316 1507 2398 decipi
1538 2330 1592 2377 et
1625 2328 1822 2399 putare
1863 2317 1949 2375 bi-

100 2407 339 2485 gamiam
373 2408 770 2481 damnandam,
806 2423 860 2469 et
890 2411 1083 2491 poenis
1117 2412 1359 2472 aeternis
1399 2434 1526 2472 esse
1565 2412 1948 2484 afficiendam,

102 2515 163 2560 ut
204 2502 327 2583 ipsa
370 2526 403 2563 a
438 2505 701 2564 secundis
747 2506 958 2586 nuptiis
1003 2505 1282 2567 abstineat
1322 2521 1375 2568 et
1422 2509 1649 2590 puritati
1695 2507 1949 2580 studeat,

106 2617 266 2674 quam
305 2600 387 2656 rei
411 2601 689 2659 veritatem
724 2623 1009 2681 aqnoscere
1042 2615 1093 2660 et
1127 2602 1389 2683 biqamem
1409 2605 1531 2685 fieri
1556 2606 1744 2682 (10).»
1781 2603 1957 2683 Igitur

106 2689 258 2749 iuxta
288 2691 366 2750 rei
393 2694 676 2753 veritatem
707 2697 989 2756 secundae
1018 2699 1247 2777 nuptiae
1277 2698 1598 2779 illegitimae
1639 2720 1751 2758 non
1785 2711 1916 2760 sunt
1935 2747 1947 2771 ,

105 2807 205 2845 nec
247 2799 436 2867 peccat
477 2789 573 2869 qui
616 2811 712 2850 eas
756 2791 886 2861 init,
930 2791 1173 2872 Origene
1217 2806 1460 2854 auctore.

222 2976 281 3028 (8)
310 2980 356 3018 In
384 2981 565 3021 Pastore
592 2981 662 3022 lib.
695 2985 748 3023 ll.
777 2984 957 3025 mandat.
989 2987 1061 3028 lv.
1083 2997 1121 3026 n.
1146 2990 1183 3027 4.
1214 2987 1330 3028 cuius
1349 2988 1472 3029 verba
1493 2989 1679 3041 superius
1706 2989 1862 3041 integra
1880 2989 1948 3030 de·

103 3041 253 3083 dimus.
276 3046 408 3095 Atque
434 3045 499 3085 liic
535 3047 596 3087 est
629 3047 741 3089 locus
775 3049 828 3089 ad
861 3062 983 3102 quem
1019 3052 1158 3092 allusit
1193 3053 1469 3096 Tertullianus
1500 3056 1746 3096 montanista
1780 3057 1851 3099 lib.
1891 3062 1955 3100 De

95 3109 316 3160 pudicitia
340 3122 376 3151 c.
403 3115 452 3152 X.
484 3124 575 3154 cum
612 3115 816 3156 scriberet:
845 3133 864 3152 «
886 3117 962 3158 Sed
992 3118 1176 3160 cederem
1210 3120 1300 3171 libi,
1329 3121 1363 3161 si
1394 3122 1592 3174 scriptura
1628 3125 1822 3176 Pastoris,
1847 3137 1953 3178 quae

103 3176 189 3215 sola
213 3178 401 3218 moechos
428 3181 558 3231 amat,
578 3181 716 3222 divino
736 3183 1003 3226 instrumento
1034 3187 1247 3228 meruisset
1280 3187 1433 3239 incidi,
1463 3190 1497 3230 si
1524 3201 1605 3230 non
1636 3190 1688 3231 ab
1720 3193 1830 3232 omni
1859 3204 1953 3234 con·

103 3240 198 3280 cilio
234 3242 495 3284 ecclesiarum
528 3246 648 3287 etiarn
679 3251 906 3290 vestrarum
933 3250 1038 3291 inter
1068 3253 1298 3304 apocrypha
1329 3256 1370 3294 et
1402 3255 1504 3295 falsa
1530 3255 1780 3297 iudicaretur
1798 3287 1811 3307 ,
1837 3257 1951 3299 adul-

98 3309 187 3348 tera
206 3310 247 3349 et
265 3308 366 3361 ipsa,
385 3313 425 3352 et
443 3311 539 3353 inde
562 3317 731 3365 patrona
749 3317 968 3369 sociorum3
989 3329 1014 3358 a
1037 3330 1119 3370 qua
1136 3321 1176 3360 et
1201 3320 1302 3360 alias
1322 3320 1541 3362 initiaris»
1560 3324 1714 3375 Nempe
1734 3324 1953 3375 psychicus

100 3372 140 3412 id
160 3375 220 3415 est
234 3377 473 3430 catholicus,
490 3380 561 3430 qui
581 3380 695 3421 iuxta
712 3383 1007 3424 Tertullianum
1028 3386 1315 3427 montanistam
1333 3398 1379 3427 ex
1403 3387 1508 3429 libro
1528 3390 1708 3430 Pastoris
1728 3389 1809 3430 duo
1828 3390 1949 3431 discit

98 3440 317 3481 secundam
347 3444 634 3494 poenitentiam
666 3449 707 3488 et
743 3448 941 3490 secundas
975 3451 1153 3503 nuptias.

216 3506 271 3558 (9)
298 3508 388 3549 Lib.
413 3512 485 3550 111.
508 3512 700 3553 stromat.
723 3513 821 3555 edit.
844 3515 1053 3567 Sylburgi‚
1075 3516 1191 3557 Paris
1214 3521 1324 3559 1641.
1346 3529 1438 3570 pag.
1461 3522 1551 3561 461.

219 3572 299 3624 (ιο)
327 3576 473 3617 llomil.
498 3579 638 3618 xcix.
664 3579 704 3619 in
726 3581 867 3622 ierem.
889 3592 927 3621 n.
952 3585 987 3621 4.
1008 3583 1047 3621 et
1069 3583 1124 3621 De
1153 3582 1191 3622 la
1225 3584 1325 3632 Rue,
1360 3584 1462 3624 tom.
1489 3591 1545 3626 12.
1566 3597 1606 3637 p.
1631 3591 1703 3627 366
1721 3598 1808 3638 seq.
