2320 4030
365 260 435 316 30
662 276 761 316 ιιΒ.
795 274 871 314 ιιι.
901 271 1043 313 sacr.
1075 272 1111 312 ι.
1142 269 1206 312 m:
1237 273 1393 312 MATR.
1425 272 1625 312 cnmsr.
1657 273 1894 313 ommi-3.

361 397 492 454 erga
534 374 821 444 maritum,
858 370 1014 431 salva
1045 372 1431 454 superioritate
1462 394 1631 453 quam
1661 372 1749 431 vir
1777 373 1857 431 uti
1888 395 2208 454 supremum

362 470 606 530 familiae
650 479 815 548 caput
860 466 1028 527 habet
1063 489 1194 547 erga
1231 468 1519 528 mulierem
1551 468 1607 526 in
1639 468 1884 528 familiae
1915 470 2203 549 regimine.

362 567 512 627 Haec
548 585 679 625 vero
722 563 1033 646 aequalitas
1065 565 1121 624 in
1153 564 1473 647 polygamia
1515 588 1625 625 non
1668 578 1938 626 servatur.
1974 567 2055 625 Ea
2083 589 2213 645 ergo

362 664 548 722 minus
590 661 892 721 conformis
937 674 1168 731 naturae
1210 662 1317 721 iuri
1363 662 1601 722 dicenda
1647 676 1752 723 est.

480 759 746 818 Rursum:
784 758 1020 819 societas
1050 759 1362 839 coniugalis
1394 761 1632 820 societas
1654 774 1740 820 est
1762 763 2033 820 amicitiae
2052 807 2066 830 ‚
2104 783 2214 843 qua

362 856 423 915 fit
450 869 513 915 ut
539 856 808 935 coniuges
851 870 1043 916 mutuo
1087 878 1148 916 se
1192 877 1259 915 ao
1300 857 1497 916 intimo
1541 879 1728 918 amore
1771 871 2208 939 prosequantur,

361 952 638 1034 amboque
670 953 727 1011 in
756 974 1048 1013 commune
1078 952 1321 1012 familiae
1351 953 1559 1013 bonum
1592 954 1809 1036 aequali
1848 955 2060 1015 ratione
2089 976 2216 1014 con-

362 1049 608 1131 spirent,
660 1071 933 1132 suamque
976 1070 1202 1132 operam
1255 1049 1540 1110 conferant
1580 1052 1649 1110 ad
1693 1073 1817 1112 eam
1860 1053 2212 1112 nutriendam

362 1145 897 1228 confovendamque.
930 1146 1081 1206 Haeo
1111 1161 1292 1207 autem
1324 1147 1567 1229 perfecta
1598 1149 1909 1208 animorum
1939 1161 1991 1209 et
2020 1149 2217 1208 intima

362 1242 717 1314 coniunctio,
764 1264 910 1324 quae
951 1265 1018 1302 ex
1062 1245 1323 1304 societate
1364 1244 1642 1324 coniugali
1685 1246 1893 1316 oritur,
1928 1246 1985 1304 in
2022 1268 2216 1306 mono-

364 1339 549 1418 gamia
591 1337 820 1419 quidem
863 1338 1025 1398 facile
1066 1339 1338 1412 habetur,
1380 1355 1436 1400 at
1477 1342 1533 1399 in
1578 1341 1897 1423 polygamia
1935 1341 2085 1402 haud
2117 1364 2219 1423 pa-

366 1457 486 1494 rum
518 1434 840 1516 impeditur.
870 1436 1066 1517 Itaque
1096 1437 1567 1518 quemadmodum
1597 1438 1952 1517 monogamia
1980 1438 2086 1497 iuri
2119 1460 2221 1497 na-

364 1544 522 1590 turae
565 1531 793 1590 omnino
835 1532 1137 1591 conformis
1181 1546 1296 1604 est,
1332 1533 1410 1592 ita
1448 1533 1767 1615 polygamia
1810 1532 1995 1593 minus
2039 1533 2218 1592 eidem

365 1627 666 1687 conformis
711 1626 823 1685 dici
872 1627 1037 1687 debet
1072 1630 1218 1706 (72).

487 1720 714 1782 Accedit
735 1722 885 1803 quod
909 1723 966 1781 in
991 1722 1313 1806 polygamia
1343 1748 1444 1784 nec
1474 1726 1598 1807 ipsa
1629 1725 1841 1796 officia,
1878 1747 2023 1807 quae
2053 1726 2223 1805 exigit

365 1819 686 1900 coniugium
709 1867 721 1891 ‚
758 1832 813 1879 et
851 1821 923 1879 ad
964 1843 1109 1901 quae
1150 1822 1546 1904 unusquisque
1589 1822 1885 1901 coniugum
1930 1821 2018 1881 ius
2057 1821 2224 1881 habet

365 1916 660 1998 adimpleri
718 1938 940 1997 semper
993 1917 1229 1999 possint.
1288 1919 1428 1977 Nam
1478 1918 1673 1978 eadem
1733 1918 1944 1978 ratione
1985 1940 2100 1999 qua
2138 1918 2225 1977 vir

366 2012 658 2093 coniugale
700 2011 947 2072 debitum
991 2012 1210 2093 exigere
1253 2012 1325 2072 ab
1367 2035 1571 2086 uxore,
1606 2015 1683 2072 ita
1712 2027 1767 2073 et
1794 2035 1933 2074 uxor
1961 2035 1995 2072 a
2024 2013 2224 2072 marito

367 2124 577 2193 potest3
620 2111 729 2169 iam
760 2133 890 2171 vero
923 2110 971 2170 si
1000 2110 1089 2170 vir
1119 2110 1376 2192 pluribus
1406 2125 1557 2172 esset
1584 2109 1853 2171 uxoribus
1895 2111 2218 2180 obstrictuS‚

370 2206 501 2266 huic
531 2206 856 2286 obligationi
896 2207 1222 2268 satisfacere
1254 2229 1610 2289 nequaquam
1639 2206 1866 2267 valeret.
1897 2207 1961 2265 In
1992 2207 2225 2289 polyga-

368 2304 478 2364 mia
521 2303 755 2386 proinde
799 2303 991 2364 saltem
1032 2326 1234 2384 magna
1267 2327 1334 2363 ex
1369 2317 1525 2386 parte
1554 2303 1674 2363 iure
1705 2326 1807 2364 suo
1836 2326 1974 2363 uxor
2002 2305 2225 2363 defrau-

368 2400 597 2459 daretur
639 2421 749 2459 non
794 2399 917 2459 sine
960 2399 1398 2460 incontinentiae
1440 2400 1788 2460 discrimine.

488 2496 725 2554 Demum
757 2496 813 2553 in
846 2495 1202 2578 polygamiae
1236 2518 1336 2556 seu
1371 2495 1710 2580 polygyniae
1748 2509 1894 2555 statu
1937 2496 2008 2555 ad
2052 2497 2226 2556 conti-

371 2590 583 2651 nendas
615 2590 672 2648 in
704 2590 890 2651 officio
924 2591 1112 2673 plures
1155 2613 1356 2653 uxores
1399 2614 1506 2651 non
1547 2606 1658 2651 tam
1688 2614 1877 2651 amore
1913 2613 2082 2672 quam
2125 2592 2228 2648 im-

370 2687 525 2768 perio
570 2689 654 2747 vir
696 2688 965 2747 innitatur
1009 2710 1239 2749 necesse
1290 2701 1409 2759 est;
1458 2689 1609 2770 quod
1653 2688 1881 2770 quidem
1931 2687 2223 2769 imperium

369 2785 427 2842 in
457 2785 820 2844 domesticam
852 2807 995 2866 pene
1023 2785 1377 2868 tyrannidem
1407 2785 1569 2844 facile
1596 2784 1775 2864 vergit
1804 2784 1954 2844 haud
1995 2784 2227 2843 minimo

369 2880 621 2941 eiusdem
663 2881 1004 2942 domesticae
1046 2882 1328 2942 societatis
1372 2881 1702 2942 detrimento
1742 2883 1889 2959 (73).

492 3098 573 3149 (72)
603 3098 666 3137 Cf.
690 3097 894 3150 Taparelli
914 3099 1069 3149 Sayqio
1087 3096 1160 3137 del
1178 3097 1333 3138 diritto
1352 3097 1574 3137 naturale.
1599 3097 2224 3147 Dissert.V11.cap.1H.art.11.

369 3165 407 3216 §.
429 3167 480 3205 ΙΙ.
504 3167 634 3205 Roma
659 3171 771 3206 1855.

491 3230 574 3280 (73)
602 3230 793 3282 Apposite
814 3231 945 3271 cantu
964 3231 1004 3270 in
1017 3231 1162 3270 storia
1179 3228 1453 3277 universale,
1473 3228 1538 3268 ed.
1554 3230 1603 3268 V.
1622 3229 1773 3268 Torino
1796 3229 2018 3268 1844.tom.
2036 3229 2087 3267 11.
2106 3238 2145 3278 p.
2161 3232 2222 3267 51.

373 3296 422 3336 ad
449 3307 533 3336 rem
554 3298 734 3337 nostram
757 3296 918 3337 scribit:
944 3314 962 3331 κ
978 3296 1063 3336 Che
1087 3307 1131 3336 se
1154 3296 1222 3335 noi
1245 3294 1475 3335 cerchiamo
1504 3294 1544 3334 la
1572 3293 1740 3344 cagione
1767 3304 1838 3344 per
1868 3293 1934 3333 cui
1959 3293 2053 3333 nell’
2066 3292 2160 3333 Asia
2192 3292 2224 3331 si

374 3363 567 3416 perpetuo
595 3363 623 3403 il
657 3363 904 3415 despotismo
924 3395 935 3413 ,
965 3364 1004 3404 la
1033 3362 1237 3403 troviamo
1263 3362 1324 3402 ne'
1344 3361 1432 3402 loro
1459 3359 1647 3401 costumi.
1675 3359 1935 3411 Imperocche
1961 3359 2106 3400 liberta
2129 3359 2228 3409 poli-

373 3431 453 3471 tica
473 3441 495 3469 e
515 3429 658 3470 liberta
682 3429 835 3470 morale
856 3440 934 3469 van
955 3428 997 3468 di
1021 3439 1241 3479 conserva;
1264 3428 1314 3468 ne
1334 3428 1414 3468 mai
1439 3428 1546 3479 speri
1567 3427 1780 3467 sollevarsi
1812 3437 1836 3465 a
1864 3425 2084 3476 franchigie
2118 3425 2227 3464 civili

373 3496 438 3535 chi
470 3507 552 3536 non
587 3495 706 3536 abbia
742 3496 986 3537 cominciato
1015 3495 1081 3536 dal
1118 3495 1329 3536 risormare
1359 3495 1370 3534 i
1403 3494 1591 3534 costumi.
1612 3493 1747 3533 Patria
1766 3504 1788 3533 e
1807 3491 1987 3543 samiglia
2013 3502 2112 3531 sono
2140 3491 2228 3531 idee

374 3564 569 3603 associate
590 3564 630 3602 in
652 3566 835 3614 Europa,
862 3574 937 3603 ove
959 3563 984 3603 i!
1007 3563 1167 3612 miglior
1202 3562 1399 3602 cittadino
1431 3561 1453 3600 ὲ
1488 3561 1513 3601 il
1549 3559 1708 3611 miglior
1736 3559 1883 3610 padre,
1906 3569 1985 3599 non
2008 3559 2090 3598 cosi
2112 3569 2187 3597 ovo
2207 3558 2228 3596 ὲ
