2320 4030
464 240 579 282 cir.
599 240 654 282 v.
673 239 738 281 ns
768 238 948 281 soter.
976 239 1185 281 mrnnr.
1215 238 1372 282 una.
1402 238 1521 280 aar.
1550 237 1608 280 11.
1844 217 1958 278 447

111 339 248 412 duS,
297 337 517 399 infinita
565 337 882 399 mortalium
924 337 1103 397 millia
1143 338 1289 398 male
1329 350 1585 399 tenentur
1633 334 1956 418 illaqueata.

110 436 253 496 Num
282 436 392 496 coit
426 434 877 507 matrimonium,
924 434 974 495 si
1017 433 1182 494 modo
1225 434 1405 494 coitus
1448 432 1814 504 successerit,
1849 432 1965 493 imo

110 531 300 592 sinon
332 529 692 601 successerit,
741 528 883 588 nihil
924 529 1065 589 inter
1109 527 1432 589 coniunctos
1476 529 1766 600 convenit,
1810 540 1963 589 tanta

109 639 193 687 est
215 649 432 687 morum
456 638 508 686 et
530 625 879 705 ingeniorum
911 624 1312 686 dissimilitudo
1336 648 1347 683 :
1377 626 1527 684 rixae
1556 625 1741 704 iugeS,
1771 624 1962 684 odium

109 721 548 793 immedicabile,
579 721 805 781 timetur
831 744 1134 793 venenum,
1162 720 1385 781 timetur
1414 721 1641 793 caedeS,
1676 720 1820 779 nihil
1850 741 1963 781 non

108 816 378 876 malorum
402 828 754 896 expectatur,
783 830 980 876 neuter
1000 815 1219 876 caelebs
1244 827 1426 897 potest
1447 816 1663 888 vivere,
1694 815 1743 876 si
1768 815 1964 876 cohae-

109 925 259 983 rent,
305 911 395 971 bis
440 911 583 992 perit
624 925 893 994 uterque:
938 913 988 972 si
1030 923 1271 972 mutetur
1312 912 1667 992 coniugium,
1704 933 1834 994 spes
1878 923 1966 971 est

106 1020 404 1088 utrumque
433 1007 550 1066 fore
580 1007 943 1068 incolumem:
973 1006 1227 1068 fortassis
1260 1029 1359 1088 pro
1383 1028 1587 1066 causae
1606 1005 1968 1066 'circumstan-

108 1102 200 1163 tiis
244 1102 399 1161 alz'ud
449 1103 787 1183 responderet
828 1103 1138 1185 Apostolus,
1187 1115 1237 1162 et
1277 1103 1526 1162 nonnihil
1573 1103 1851 1161 relaoearet
1900 1100 1965 1160 de

106 1200 283 1280 riqore
325 1199 542 1258 consilii
581 1201 935 1280 superioris»
971 1200 1041 1260 Et
1092 1198 1332 1259 adducto
1374 1198 1627 1280 exemplo
1666 1196 1960 1270 Fabiolae,

108 1316 276 1377 quam
320 1294 558 1368 Paulus,
609 1308 671 1355 ut
705 1296 828 1377 ipse
870 1308 1058 1378 putat,
1097 1295 1146 1355 si
1179 1295 1250 1355 ad
1283 1316 1409 1355 eum
1454 1294 1826 1374 confugisset,
1866 1293 1967 1353 mi-

111 1389 262 1450 nime
291 1390 566 1471 coegisset
596 1391 667 1450 ad
699 1392 1050 1452 retinendum
1081 1413 1316 1474 pravum
1360 1390 1499 1451 adeo
1537 1391 1830 1463 maritum,
1866 1411 1970 1451 nec

110 1486 483 1568 poenitentiae
526 1487 872 1561 addixisset,
920 1488 1011 1548 cui
1054 1487 1125 1548 ab
1168 1474 1435 1570 episcopo
1478 1486 1705 1547 addicta
1747 1499 1864 1559 est,
1900 1507 1967 1547 eo

108 1582 260 1664 quod
291 1582 449 1642 alteri
482 1583 803 1666 nupsisset,
841 1583 1153 1653 concludit:
1198 1608 1225 1640 «
1253 1582 1552 1643 Miserebat
1579 1605 1669 1643 me
1705 1582 1926 1643 illorum
1948 1629 1961 1654 ‚

107 1700 249 1759 quos
293 1678 555 1739 videbam
599 1679 924 1740 huiusmodi
967 1679 1210 1740 vinculis
1255 1679 1736 1740 inextricabilibus
1781 1677 1967 1762 impli-

107 1787 296 1846 catOS‚
346 1797 488 1857 quos
535 1774 786 1835 sciebam
830 1797 957 1836 esse
999 1775 1271 1856 plurimos
1299 1777 1489 1854 (32).»

226 1867 335 1927 Alii
367 1882 430 1928 ut
461 1869 739 1930 suadeant
777 1869 1065 1930 vinculum
1107 1870 1295 1950 ipsum
1339 1868 1582 1950 coniugii
1627 1870 1968 1952 quandoque

106 1962 247 2024 solvi
291 1963 529 2037 debere,
578 1964 906 2044 confugiunt
951 1965 1022 2024 ad
1069 1963 1313 2025 indolem
1364 1964 1547 2046 ipsam
1598 1987 1663 2024 ac
1706 1964 1968 2046 spiritum

105 2050 390 2139 religionis
422 2058 789 2131 christianae;
819 2059 1164 2120 constituunt
1191 2059 1342 2119 enim
1374 2081 1685 2142 repugnare
1715 2060 1970 2121 christia-

105 2176 211 2214 nae
246 2153 535 2234 religionis
578 2153 800 2236 spiritui
833 2176 899 2214 ac
927 2153 1227 2214 moralitati
1271 2154 1602 2215 sententiam
1645 2155 1717 2215 de
1757 2154 1966 2215 vinculi

105 2250 535 2312 matrimonialis
587 2250 911 2311 omnimoda
960 2249 1489 2322 indissolubilitate;
1542 2250 1737 2331 religio
1781 2251 1961 2323 enim,

107 2347 302 2420 aiunt,
353 2369 528 2430 quum
574 2369 676 2429 pro
720 2368 983 2429 supremo
1028 2346 1140 2406 fine
1179 2345 1501 2416 beatitatem
1544 2345 1835 2406 hominum
1867 2345 1970 2406 ha·

106 2442 267 2515 beat,
304 2465 369 2504 eo
399 2443 523 2525 ipso
554 2443 749 2525 nequit
777 2442 943 2502 talem
975 2441 1260 2503 continere
1303 2441 1616 2502 doctrinam
1642 2489 1654 2514 ,
1691 2463 1836 2524 quae
1866 2440 1969 2503 ho·

106 2537 244 2597 mini
291 2560 524 2620 scopum
568 2538 851 2599 felicitatis
907 2537 1135 2621 assequi
1194 2537 1497 2599 connitenti
1552 2537 1829 2611 sacrificia
1871 2560 1972 2621 per

107 2655 276 2715 quam
318 2633 575 2695 difficilia
619 2634 890 2717 imponat.
928 2635 1068 2707 Quis
1105 2656 1242 2696 sane
1271 2647 1358 2696 est
1386 2633 1483 2718 qui
1527 2656 1639 2696 non
1681 2626 1871 2696 videat
1899 2657 1966 2696 ex

229 2851 313 2900 (32)
342 2853 505 2893 Annot.
518 2852 560 2892 in
578 2853 610 2893 1.
623 2851 675 2893 ad
690 2853 889 2894 Cor.V11.
907 2851 1286 2905 opp.ed.Lugduni
1309 2853 1451 2899 Batav‚
1464 2854 1564 2894 tom.
1578 2854 1649 2894 vt.
1664 2853 1862 2905 p.701.et
1876 2855 1969 2895 702.

105 2917 238 2970 Atque
259 2918 327 2958 hic
343 2919 403 2959 est
423 2921 614 2959 Erasmus
630 2919 747 2960 cuius
766 2919 842 2960 hac
857 2918 909 2960 de
927 2931 971 2960 re
987 2930 1081 2960 cum
1095 2919 1395 2972 propositiones
1420 2930 1593 2961 censura
1613 2930 1638 2961 a
1657 2919 1851 2961 facultate
1863 2918 1970 2972 pari·

104 2983 229 3024 siensi
257 2985 421 3025 notatae
454 2984 650 3036 fuissent,
679 2985 720 3025 et
745 2984 912 3036 quidem
934 2984 1172 3036 haereseos,
1196 2995 1262 3026 an.
1281 2990 1395 3027 1526.
1417 3002 1439 3021 «ι
1453 2986 1654 3037 quatenus
1676 2997 1748 3038 per
1767 2996 1835 3028 eas
1853 2995 1969 3038 prae·

105 3049 218 3090 tendi
250 3049 412 3091 videtur
440 3051 746 3091 matrimonium
772 3061 845 3102 per
876 3050 1125 3092 adulterium
1158 3050 1327 3092 dissolvi
1358 3053 1557 3103 quantum
1582 3051 1635 3092 ad
1654 3052 1880 3092 vinculum.
1899 3051 1972 3092 Est

106 3115 239 3167 enim,
267 3116 458 3168 inquiunt
487 3116 753 3169 parisienses,
780 3117 991 3158 vinculum
1025 3117 1331 3159 matrimonium
1364 3118 1453 3159 iure
1483 3118 1624 3159 divino
1659 3117 1940 3159 indissolubile
1957 3148 1973 3168 ,

105 3182 154 3222 ut
170 3181 221 3222 ad
241 3183 476 3224 Corinthios
502 3183 682 3225 scribens
700 3184 916 3236 Apostolus
943 3184 1195 3226 demonstrat
1220 3186 1301 3226 etc.
1322 3201 1342 3221 υ
1361 3186 1448 3226 uta
1465 3196 1509 3227 se
1527 3185 1728 3227 eiusmodi
1754 3194 1967 3226 censuram

107 3250 344 3291 amoliretur
358 3281 371 3302 ,
416 3251 626 3304 respondit
662 3262 756 3292 suas
789 3252 1084 3304 propositiones
1126 3253 1407 3304 intelligendas
1445 3253 1570 3294 fuisse
1604 3252 1658 3294 de
1694 3252 1970 3304 separatione

108 3316 255 3368 quoad
282 3319 450 3370 torum,
473 3329 560 3359 non
583 3317 731 3371 quoad
757 3318 1000 3361 vinculum.
1022 3320 1162 3372 Atqui
1189 3320 1276 3361 eius
1298 3319 1423 3361 verba
1452 3320 1616 3372 legerit,
1642 3319 1825 3371 profecto
1851 3329 1965 3362 num-

108 3393 232 3433 quam
248 3383 325 3424 sihi
345 3384 606 3436 persuadebit
622 3385 674 3426 de
691 3384 779 3426 sola
795 3385 872 3427 hac
890 3385 1027 3438 quoad
1044 3387 1184 3428 torum
1201 3387 1455 3439 separatione
1470 3388 1604 3439 ipsum
1622 3385 1747 3426 fuisse
1766 3384 1964 3426 locutum.

109 3447 174 3489 Cf.
199 3451 403 3502 Tournely
430 3454 494 3493 De
515 3454 650 3494 matr.
679 3453 836 3504 quaest.
858 3456 909 3495 V.
933 3454 1008 3496 art.
1030 3455 1081 3495 11.
1101 3456 1166 3496 De
1185 3453 1397 3505 firmitat.
1419 3455 1534 3496 vinc.
1556 3454 1729 3504 coniuq.
1751 3451 1817 3493 ed.
1837 3451 1968 3494 Paris.

118 3516 227 3553 1765.
251 3514 349 3555 tom.
372 3517 444 3557 xl.
462 3527 551 3568 pag.
573 3522 642 3559 138
667 3528 755 3568 seq.
