2320 4030
245 252 318 313 12
432 287 433 291 =
523 270 624 312 un.
660 271 735 311 ιιι.
772 264 913 309 secr.
951 263 987 305 1.
1024 265 1089 306 ni:
1127 261 1283 306 MATR.
1313 261 1515 305 cunlsr.
1546 263 1783 306 umn‘rs.

241 370 439 431 Solone
475 370 776 449 magistriS‚
818 365 1235 429 convenientem
1267 361 1608 445 quibusdam
1631 363 1689 421 in
1723 363 1951 427 casibus
1983 386 2081 424 na*

236 468 403 527 turali
435 467 562 546 legi,
598 478 651 524 et
679 462 830 523 civili
858 462 1003 522 bono
1030 473 1458 522 consentaneam
1491 459 1807 519 habuerunt
1841 482 2077 520 uxorum

234 562 719 630 communitatem,
782 571 946 639 prout
997 570 1050 616 et
1099 556 1384 617 nonnullis
1446 556 1688 616 romanis
1748 577 2080 636 persuasum

237 657 412 717 fuisse
453 656 646 715 saltem
680 653 865 736 quoad
902 653 1396 713 commodationem
1435 673 1668 711 uxorum
1701 664 1934 710 testatur
1963 651 2084 710 Plu-

237 752 460 812 tarchus
488 753 633 829 (13).

356 847 510 906 Patet
564 846 731 926 igitur
770 846 1122 906 verissimum
1166 866 1291 904 esse
1332 845 1483 925 quod
1539 843 1941 903 affirmavimus
1989 864 2084 923 po-

235 941 547 1023 lyandriam
591 942 649 1000 in
692 963 954 1020 germana
997 963 1101 1000 sua
1148 939 1556 1020 significatione
1612 953 1895 1021 acceptam
1947 960 2083 997 nus-

232 1055 437 1117 quam,
486 1036 785 1096 theoretice
828 1035 1056 1108 saltem,
1104 1035 1313 1094 directe
1354 1033 1701 1106 obtinuisse,
1753 1034 1852 1094 sed
1899 1034 2082 1094 solum

234 1132 503 1192 indirecte
545 1153 611 1191 ex
654 1145 1013 1213 praepostera
1061 1152 1231 1213 penes
1289 1129 1499 1211 aliquot
1547 1130 1951 1190 consuetudine
1996 1130 2083 1188 in-

233 1227 455 1288 ductam
484 1228 555 1288 de
582 1227 970 1287 communione
1013 1249 1281 1298 uxorum,
1332 1238 1427 1285 aut
1467 1248 1533 1284 ex
1576 1224 1914 1286 chimaerica
1950 1249 2084 1286 non-

234 1323 512 1383 nullorum
555 1323 904 1383 ethnicorum
962 1322 1427 1404 philosophorum
1472 1322 1619 1381 circa
1671 1322 1924 1381 eamdem
1969 1345 2084 1383 rem

234 1418 541 1479 doctrinam
564 1467 576 1491 ,
623 1440 766 1501 quae
809 1417 1045 1478 fortasse
1082 1439 1388 1499 numquam
1419 1417 1476 1475 in
1508 1416 1704 1499 praxin
1737 1416 1807 1476 ab
1837 1417 1907 1477 iis
1940 1418 2084 1499 ipsis

234 1514 291 1573 in
336 1515 654 1575 societatem
699 1514 950 1574 traducta
994 1514 1128 1585 fuit,
1181 1515 1280 1573 sed
1323 1514 1469 1573 intra
1514 1513 1851 1574 theoreticae
1887 1536 2086 1597 specu-

232 1610 454 1671 lationis
498 1608 738 1670 ambitus
776 1611 940 1670 unice
978 1610 1245 1671 constitit.
1283 1609 1434 1670 Adeo
1465 1632 1657 1670 verum
1689 1623 1774 1670 est
1804 1611 2085 1671 communi

233 1706 521 1767 hominum
565 1729 735 1767 sensu
774 1721 1056 1789 tamquam
1100 1729 1134 1766 a
1174 1719 1372 1767 natura
1423 1706 1808 1767 abhorrentem
1862 1706 2089 1788 polyan-

231 1802 410 1862 driam
444 1801 690 1863 habitam
727 1802 920 1862 fuisse.

352 1900 463 1959 Nec
492 1898 677 1959 obstat
706 1898 855 1980 quod
888 1898 1140 1958 nonnulli
1170 1900 1494 1960 censuerint
1537 1897 1927 1981 polyandriam
1972 1921 2082 1960 non

233 2015 539 2077 repugnare
583 1994 680 2053 fini
716 1993 980 2076 primario
1004 1994 1061 2051 in
1086 1994 1384 2076 hypothesi
1416 1994 1566 2075 quod
1597 1995 1832 2054 maritus
1867 1995 2083 2077 primus

233 2090 438 2152 sterilis
484 2090 649 2163 foret,
698 2090 1024 2173 praesertim
1056 2090 1104 2150 si
1135 2090 1301 2150 unica
1346 2091 1549 2150 mulier
1593 2103 1878 2171 superstes
1923 2090 2089 2151 fuerit

231 2208 358 2247 cum
401 2187 577 2247 sterili
624 2187 864 2260 marito;
915 2201 1010 2246 aut
1051 2187 1109 2245 in
1163 2186 1464 2271 hypothesi
1521 2187 1671 2268 quod
1718 2209 1816 2268 per
1856 2188 2089 2267 speciale

227 2296 450 2364 pactum
492 2283 828 2343 matrimonii
859 2306 996 2343 usus
1029 2305 1332 2343 concessus
1364 2305 1474 2343 non
1508 2296 1657 2342 esset
1686 2282 1943 2363 pluribus
1975 2284 2086 2342 nisi

234 2379 292 2437 in
337 2401 514 2438 annos
560 2381 942 2450 successiVOS,
983 2393 1078 2438 aut
1126 2379 1369 2460 denique
1412 2379 1469 2436 in
1515 2378 1817 2460 hypothesi
1862 2378 2088 2438 divinae

233 2472 708 2554 dispensationis,
758 2496 922 2555 quam
963 2474 1213 2533 Sanchez
1257 2474 1522 2555 supponit
1568 2475 1713 2552 (14).
1760 2475 1821 2531 In
1879 2474 2086 2556 quibus

235 2567 463 2628 casibus
521 2568 853 2650 polyandria
896 2569 1161 2650 primario
1208 2568 1306 2627 fini
1349 2568 1687 2628 matrimonii
1735 2568 1887 2628 haud
1931 2569 2087 2630 vide-

235 2677 384 2724 retur
434 2665 739 2725 adversari.

352 2760 639 2843 Siquidem
673 2762 993 2821 huiusmodi
1025 2784 1220 2822 omnes
1250 2761 1595 2844 hypotheses
1629 2762 1828 2821 stultae
1860 2783 1924 2821 ac
1948 2761 2088 2822 ficti-

234 2856 342 2916 tiae
367 2871 523 2927 sunt,
552 2879 616 2916 ac
641 2857 792 2917 nullo
824 2858 987 2918 modo
1025 2858 1327 2917 constituta
1372 2858 1651 2940 principia
1693 2871 1922 2940 quatere
1954 2879 2086 2938 pos-

233 2965 388 3023 sunt3
432 2975 612 3034 neque
641 2954 789 3011 enim
813 2975 916 3012 nos
939 2953 1009 3012 de
1032 2954 1364 3033 imaginaria
1407 2953 1596 3035 aliqua
1632 2953 1933 3035 hypothesi
1964 2952 2081 3011 dis-

233 3046 507 3118 serimuS,
544 3047 642 3106 sed
678 3047 749 3106 de
790 3069 971 3106 rerum
1015 3061 1244 3118 natura,
1288 3048 1441 3105 iuxta
1484 3045 2084 3128 quampolyandriam

233 3141 468 3201 naturali
495 3142 599 3200 iuri
625 3164 934 3224 repugnare
958 3142 1383 3202 affirmavimus.
1409 3142 1760 3224 Quapropter
1792 3142 1839 3201 si
1872 3142 2086 3223 primus

233 3238 463 3298 maritus
505 3252 653 3297 esset
695 3237 928 3308 sterilis,
965 3237 1101 3319 quin
1133 3260 1335 3297 novum
1381 3237 1780 3319 superinducat
1808 3260 1947 3296 uxor
1976 3259 2087 3296 ma-

235 3334 426 3406 ritum,
467 3334 620 3415 prole
664 3355 851 3393 carere
893 3334 1075 3394 debet.
1114 3334 1275 3404 Quod
1312 3334 1360 3393 si
1398 3334 1595 3405 unica,
1639 3348 1700 3393 ut
1744 3333 1987 3414 fingitur,
2031 3333 2086 3390 in

348 3498 428 3547 (13)
457 3500 501 3537 ln
519 3501 649 3539 Numa
669 3509 760 3550 pag.
782 3505 846 3539 62.
867 3499 965 3539 etin
985 3501 1138 3541 Catone
1156 3511 1197 3552 p.
1212 3501 1303 3540 771.
1325 3498 1389 3539 ed.
1412 3499 1539 3539 Paris.
1567 3501 1677 3539 1624.

352 3563 434 3613 (εἰ)
465 3564 551 3604 Lib.
572 3567 662 3605 vn.
687 3565 790 3616 disp.
813 3571 876 3606 80.
898 3576 938 3605 n.
963 3571 1000 3605 5.
