2320 4030
375 222 486 279 312
614 240 716 279 Lm.
756 239 832 278 111.
872 238 1015 278 sacr.
1054 240 1571 281 ALTERA.1DE1ND1SS.
1604 244 1760 283 MATR.
1791 245 1993 286 cniusr.

370 351 565 421 quant,
595 350 845 396 catenam
883 360 1072 397 secum
1106 339 1351 398 trahunt:
1378 340 1458 399 ita
1488 354 1541 400 et
1567 341 1830 402 mulieres
1850 346 2066 405 etiamsi
2086 346 2236 405 viros

371 436 710 516 relinquant,
750 435 927 514 legem
965 435 1170 495 habent
1216 459 1315 517 pro
1360 450 1576 509 catena,
1614 460 1674 497 se
1718 455 2141 521 persequentem
2182 455 2240 501 et

369 531 626 591 adulterii
663 546 1047 605 accusantem,
1077 547 1432 592 accusantem
1477 535 1647 593 etiam
1678 557 1825 607 eum,
1855 537 1954 616 qui
1993 538 2229 608 duxerit,

367 650 433 687 ac
470 628 768 688 dicentem:
798 630 983 689 adhuc
1014 643 1271 711 superest
1303 631 1556 702 maritUS,
1597 644 1650 690 et
1685 632 1903 691 facinus
1942 632 2048 692 hoc
2083 634 2238 692 adul-

366 725 567 784 terium
609 739 715 785 est.
772 727 977 785 Mulier
1019 729 1159 785 enim
1206 727 1471 786 adstricta
1507 741 1585 787 est
1629 730 1762 808 leqi,
1815 729 1992 809 quoad
2032 730 2237 789 vioeerit

365 823 596 881 maritus
641 823 814 880 illius.
853 823 927 882 Et
955 824 1125 881 omnis
1168 825 1267 902 qui
1293 823 1576 882 dimissam
1618 824 1859 893 cluoecrit,
1903 825 2228 883 moechatur.

366 917 608 987 Quando
661 918 829 998 igitur
870 919 1059 978 licebit
1113 918 1193 976 illi
1247 920 1525 979 secundas
1579 921 1807 1002 nuptias
1857 919 2237 979 contrahere?

368 1015 652 1085 Quando?
694 1018 846 1076 Tunc
881 1016 979 1075 ubi
1024 1039 1055 1075 a
1099 1030 1295 1075 catena
1340 1016 1576 1076 liberata
1639 1017 1831 1089 fuerit,
1885 1017 2109 1099 quando
2151 1017 2240 1076 vir

370 1113 712 1172 morietur...
746 1114 903 1184 Quae
942 1129 1126 1174 autem
1161 1136 1322 1175 serva
1352 1127 1457 1185 est,
1489 1136 1554 1173 ac
1579 1114 1804 1174 subdita
1848 1115 1977 1194 legi,
2019 1115 2239 1175 etiamsi

364 1209 571 1270 millies
596 1209 847 1269 libellum
889 1211 1112 1292 repudii
1140 1210 1412 1292 accipiat,
1442 1210 1704 1270 adulterii
1728 1211 2005 1270 tenebitur
2034 1211 2231 1290 lege...

363 1306 443 1363 Ne
486 1306 627 1364 mihi
671 1306 824 1386 leges
874 1307 945 1366 ab
995 1308 1200 1367 exteris
1264 1306 1521 1367 conditas
1584 1307 1773 1387 legas,
1824 1305 2238 1390 praecipientes

364 1401 487 1460 dari
531 1402 781 1461 libellum
829 1404 1047 1484 repudii
1100 1416 1153 1463 et
1208 1403 1421 1464 divelli.
1479 1405 1672 1485 Neque
1715 1403 1862 1462 enim
1912 1404 2065 1462 iuxta
2109 1403 2238 1463 illas

369 1497 725 1557 iudicaturus
764 1512 851 1558 est
894 1513 946 1558 te
989 1500 1140 1560 Deus
1194 1500 1251 1557 in
1295 1499 1386 1558 die
1426 1499 1548 1571 illa,
1598 1500 1697 1559 sed
1738 1500 2048 1560 secundum
2091 1522 2187 1559 eas
2219 1548 2231 1570 ,

363 1615 506 1674 quas
560 1593 683 1674 ipse
729 1594 986 1653 statuit.»
1017 1594 1101 1652 Ad
1139 1594 1317 1674 legem
1352 1595 1558 1654 deinde
1598 1596 1808 1677 Moysis
1845 1595 2120 1655 accedens
2167 1595 2238 1654 de

363 1690 551 1750 libello
595 1692 837 1772 repudii,
877 1691 1100 1751 subdit:
1150 1692 1562 1773 «Quapropter
1615 1706 1670 1751 et
1714 1691 1972 1752 Christus
2015 1691 2235 1750 iudaeis

364 1788 722 1867 rogantibUS,
774 1802 829 1848 et
890 1789 1252 1849 dicentibus:
1313 1789 1810 1870 Quomodoiqitur
1852 1790 2067 1871 Moyses
2111 1811 2239 1869 per-

361 1887 511 1944 misit
551 1885 681 1944 dare
728 1886 970 1945 libellum
1011 1887 1282 1966 repudii?
1312 1886 1630 1946 Ostendens
1674 1886 1821 1968 quod
1869 1909 1978 1946 non
2021 1899 2238 1945 contra-

363 1982 503 2040 riam
537 2004 675 2041 suae
715 1982 894 2062 legem
935 1984 1121 2042 serens
1164 1984 1239 2042 ita
1280 1984 1590 2066 scripserit»,
1619 1984 1790 2054 dixit3
1818 1983 2031 2064 Moyses
2075 1984 2237 2041 iuoetoe

363 2078 634 2137 duritiam
664 2080 841 2138 cordis
865 2082 1037 2138 vestri
1079 2081 1328 2160 loquutus
1359 2092 1467 2148 est,
1495 2081 1563 2137 ab
1590 2081 1744 2137 initio
1767 2092 1944 2137 autem
1986 2101 2092 2138 non
2122 2091 2238 2137 erat

361 2176 465 2245 δίᾳ·
500 2175 594 2233 sed
624 2176 722 2254 qui
762 2177 890 2256 fecit
927 2177 995 2234 ab
1027 2177 1202 2245 im'tzb,
1246 2177 1549 2234 masculum
1587 2188 1637 2233 et
1665 2176 1954 2256 foeminam
1998 2176 2125 2256 fecit
2167 2176 2238 2233 il-

363 2272 459 2330 los.
509 2271 565 2328 Si
608 2271 714 2331 hoc
756 2272 963 2331 bonum
1017 2273 1253 2343 fuisset,
1298 2273 1515 2354 inquit,
1565 2294 1673 2331 non
1718 2294 1892 2329 unum
1935 2271 2120 2330 virum
2182 2285 2237 2331 et

361 2390 533 2427 unam
581 2369 870 2428 mulierem
916 2370 1160 2440 fecisset,
1205 2369 1303 2429 sed
1334 2391 1445 2428 uno
1490 2368 1664 2427 Adam
1709 2368 1934 2428 condito
1978 2368 2120 2427 duas
2153 2368 2233 2427 fe-

359 2464 533 2524 cisset
576 2465 862 2537 muliere-s,
918 2467 964 2525 si
1010 2466 1240 2548 quidem
1291 2465 1566 2526 voluisset
1602 2488 1768 2525 unam
1814 2464 2044 2546 quidem
2081 2464 2231 2536 eiici,

363 2561 596 2620 alteram
658 2583 788 2621 vero
844 2562 1055 2621 induci.
1107 2563 1267 2621 Nunc
1307 2583 1438 2621 vero
1504 2561 1629 2642 ipso
1676 2560 2026 2620 formationis
2070 2560 2236 2620 modo

359 2658 538 2737 legem
586 2658 836 2730 induxit,
887 2681 1055 2740 quam
1101 2681 1203 2738 ego
1255 2680 1404 2717 nunc
1448 2658 1655 2718 scribo.
1707 2659 1776 2716 Et
1825 2679 2102 2738 quaenam
2150 2670 2236 2716 est

360 2753 500 2814 illa?
532 2756 685 2815 Haec
732 2756 946 2838 utique.
979 2757 1115 2815 Eam
1162 2756 1270 2816 sibi
1310 2756 1554 2837 quisque
1596 2777 1824 2814 uxorem
1869 2767 2049 2813 servet
2090 2776 2237 2813 sem-

358 2874 491 2932 per,
548 2875 718 2934 quam
770 2852 928 2912 initio
974 2854 1202 2913 sortitus
1242 2866 1345 2913 est.
1398 2854 1549 2912 Haec
1594 2852 1681 2910 lex
1725 2851 2028 2933 antiquior,
2066 2873 2234 2932 quam

357 2947 456 3007 illa
486 2948 557 3006 de
587 2949 776 3009 libello
809 2950 1029 3030 repudii
1055 2936 1149 3022 [θι
1180 2962 1333 3008 tanto
1381 2962 1590 3031 quanto
1620 2949 1798 3007 Adam
1830 2948 1955 3028 ipso
1999 2948 2228 3006 Mose...

357 3044 495 3102 Nam
542 3056 595 3102 et
625 3044 723 3125 qui
769 3043 1047 3103 dimiserit
1077 3045 1293 3126 absque
1324 3067 1497 3103 causa
1533 3044 1742 3126 stupri,
1790 3055 1842 3102 et
1872 3042 1970 3123 qui
2001 3042 2233 3100 eiectam

355 3141 575 3201 vivente
625 3140 745 3200 viro
798 3141 1037 3212 duxerit,
1090 3164 1216 3201 cum
1270 3142 1445 3201 eiecta
1491 3142 1588 3200 illa
1632 3141 1952 3223 punientur.
2003 3141 2237 3219 Propter

357 3238 507 3320 quod
538 3260 667 3309 01⁸0,
705 3238 937 3298 obsecro
986 3253 1039 3297 et
1082 3238 1372 3321 supplico,
1419 3260 1487 3295 ne
1537 3238 1642 3297 viri
1675 3237 1936 3296 mulieres
1969 3237 2223 3306 eiiciant,

357 3356 539 3417 neque
582 3334 844 3394 mulieres
890 3335 1043 3394 viros
1090 3334 1443 3415 relinquant,
1482 3334 1581 3392 sed
1613 3335 1842 3392 audiant
1884 3332 2118 3390 Paulum
2149 3332 2235 3390 di·-

357 3444 602 3490 centem:
638 3429 898 3489 «'Mulz‘er
941 3431 1207 3490 adstricta
1252 3443 1329 3488 est
1374 3431 1497 3509 leqc',
1530 3443 1729 3509 quanto
1772 3442 1998 3509 tempore
2029 3431 2233 3486 via-eric

356 3531 444 3587 vir
486 3530 619 3588 eius,
668 3531 734 3586 Si
774 3542 951 3589 autem
994 3529 1273 3587 dormierit
1343 3529 1428 3586 vir
1454 3574 1466 3595 ,
1522 3527 1751 3586 liberata
1798 3527 1900 3584 erit
1966 3527 2056 3584 cui
2095 3526 2234 3584 volet
