2320 4030
411 288 520 345 100
689 306 790 344 Lm.
828 304 907 343 111.
944 302 1087 343 sssc'r.
1125 303 1164 343 1.
1192 304 1257 342 nn
1289 304 1445 343 MATR.
1478 303 1683 344 cumsr.
1716 303 1956 347 murum.

405 404 515 463 lam
548 402 908 482 disciplinam
940 423 1005 459 ac
1035 401 1212 480 legem
1245 402 1573 461 canonicam
1609 401 1778 461 locuti
1812 416 1970 475 sunt,
2007 405 2141 464 dum
2175 420 2279 467 ter-

406 500 482 560 tio
525 512 579 557 et
619 510 819 578 quarto
864 498 1128 579 repetitas
1164 498 1394 579 nuptias
1433 498 1769 557 damnarunt
1819 501 1967 577 (84).

525 595 672 652 Sane
702 606 1092 673 argumentum
1125 594 1275 674 quod
1306 593 1516 673 profert
1551 616 1598 652 s.
1639 593 1937 673 Gregorius
1984 575 2279 657 nazianze-

404 712 510 749 nus
555 690 846 770 impeteret
885 688 1055 748 etiam
1114 688 1393 748 secundas
1437 689 1710 769 nuptias,
1761 690 1809 749 si
1859 690 1997 771 quid
2038 691 2270 752 valeret.

321 828 326 832 «
402 787 640 857 Quando
683 799 869 845 autem
915 787 1258 866 iniquitatem
1299 798 1462 845 vocat
1497 786 1690 846 tertias
1730 787 1990 867 nuptias,
2042 810 2108 847 ac
2155 811 2279 869 por-

401 884 589 943 cinum
633 882 868 941 ulterius
921 895 1208 963 nuncupat
1248 882 1703 955 matrimonium,
1760 883 1952 942 referri
2008 884 2065 943 id
2112 884 2277 946 debet

401 979 474 1039 ad
511 979 691 1060 legem
724 979 1165 1039 ecclesiasticam
1197 978 1471 1038 ecclesiae
1499 1001 1769 1059 graecae,
1806 1003 1954 1061 quae
1983 981 2277 1042 ulteriores

400 1076 506 1137 has
538 1076 765 1158 nuptias
797 1088 1062 1156 tanquam
1095 1074 1417 1152 illegitimas
1456 1075 1790 1156 respuebat,
1826 1089 1880 1135 et
1915 1076 1987 1135 ad
2024 1077 2272 1136 animum

401 1173 838 1233 incontinentem
883 1194 1114 1242 eorum,
1164 1171 1259 1252 qui
1298 1193 1359 1230 se
1396 1170 1487 1230 his
1533 1171 1747 1251 nuptiis
1791 1171 2179 1253 implicabant.

521 1269 734 1329 Eadem
758 1268 972 1327 ratione
997 1268 1199 1348 exponi
1224 1267 1389 1327 debet
1413 1289 1461 1325 s,
1490 1267 1732 1327 Basilius
1759 1267 1930 1327 immo
1951 1291 2088 1328 vero
2108 1269 2275 1349 longe

400 1366 600 1448 potiori
634 1366 783 1437 iure,
814 1365 924 1423 nisi
956 1364 1195 1424 velimus
1233 1387 1361 1424 eum
1394 1387 1583 1424 secum
1615 1365 1978 1424 committere.
2024 1365 2093 1424 Ut
2125 1366 2275 1424 enim

399 1462 660 1544 apposite
691 1461 885 1521 scribit
914 1460 1193 1520 Arcudius
1226 1484 1236 1518 :
1281 1462 1451 1520 «Non
1484 1460 1648 1519 video
1680 1460 1963 1542 quomodo
1991 1461 2132 1520 haec
2163 1461 2274 1520 sibi

399 1557 637 1617 invicem
677 1556 1047 1627 cohaereant,
1085 1569 1149 1614 ut
1186 1555 1448 1635 trigamia
1484 1555 1557 1615 sit
1587 1556 1880 1616 fornicatio
1917 1570 2131 1616 tantum
2169 1579 2280 1616 non

399 1652 646 1712 relaxata
683 1665 737 1711 et
773 1651 845 1710 ad
883 1651 1053 1710 unius
1085 1651 1360 1710 foeminae
1397 1651 1722 1732 complexus
1761 1665 2073 1725 contracta,
2115 1666 2167 1713 et
2203 1666 2279 1712 ta-

397 1771 525 1807 men
570 1770 681 1807 non
717 1747 1095 1807 dissolvatur:
1148 1746 1249 1806 sed
1296 1761 1523 1828 peracta
1576 1747 1792 1828 aliquot
1833 1738 2108 1808 annorum
2152 1770 2279 1831 poe-

398 1845 636 1904 nitentia
678 1844 901 1923 trigami
936 1843 1304 1903 admittantur
1339 1845 1410 1902 ad
1449 1843 1840 1926 participanda
1875 1845 2150 1905 ecclesiae
2188 1868 2272 1905 sa-

400 1952 685 2000 cramenta
707 1988 719 2011 ,
748 1962 876 1998 cum
907 1939 1134 1998 interim
1167 1939 1335 1997 simul
1366 1939 1622 2000 habitent
1645 1953 1699 2000 et
1729 1954 2021 2023 procreent
2043 1941 2270 2001 liberOS.

398 2038 455 2095 Si
500 2037 649 2096 enim
687 2035 949 2116 trigamia
992 2049 1078 2095 est
1120 2035 1451 2107 fornicatio,
1494 2059 1604 2096 non
1649 2051 1832 2119 potest
1861 2038 2102 2099 ecclesia
2136 2039 2271 2110 Dei,

397 2134 763 2194 ornatissima
807 2155 1020 2214 sponsa
1062 2131 1304 2203 Christi,
1346 2155 1490 2213 quae
1534 2134 1656 2192 sine
1701 2158 1840 2213 ruga
1884 2149 2000 2208 est,
2041 2158 2150 2195 non
2181 2135 2279 2195 ha-

396 2230 538 2290 bens
562 2229 839 2289 maculam
863 2278 875 2301 ,
905 2228 1182 2288 eiusmodi
1208 2241 1496 2310 peccatum
1522 2230 1862 2310 permittere.
1895 2232 2059 2301 Quod
2084 2232 2131 2291 si
2158 2253 2277 2312 per-

398 2328 595 2398 mittit,
633 2327 804 2406 igitur
838 2348 950 2385 non
993 2338 1079 2385 est
1110 2325 1431 2386 fornicatio:
1471 2327 1680 2408 quippe
1724 2326 2018 2387 fornicatio
2050 2349 2161 2387 non
2192 2342 2277 2387 est

397 2423 613 2505 aliquid
647 2423 1008 2494 indifferens,
1038 2435 1099 2481 ut
1130 2422 1309 2503 possit
1341 2423 1532 2482 subire
1553 2423 1833 2483 ¹rationem
1863 2423 1994 2484 boni
2027 2438 2081 2484 et
2109 2424 2265 2482 mali:

399 2521 499 2582 sed
545 2521 594 2580 si
639 2520 932 2580 fornicatio
976 2532 1095 2591 est,
1139 2542 1363 2600 semper
1401 2519 1551 2579 mala
1594 2533 1680 2579 est
1729 2523 1876 2599 (85).
1913 2547 1939 2577 »
1979 2521 2048 2579 Et
2085 2521 2276 2601 reipsa

398 2618 645 2679 vidimus
693 2616 750 2675 in
785 2629 887 2676 art.
933 2615 1287 2697 praecedenti
1334 2639 1382 2676 s.
1418 2616 1688 2675 Basilium
1722 2617 1990 2676 statuisse
2027 2642 2053 2673 «
2083 2616 2152 2676 de
2184 2618 2275 2675 tri-

398 2715 578 2796 gamis
626 2727 680 2773 et
723 2711 1042 2795 polygamis
1083 2712 1319 2771 definire
1362 2715 1634 2794 (patres)
1680 2713 1921 2772 eundem
1957 2734 2229 2772 canonem
2254 2762 2266 2784 ,

397 2832 564 2892 quem
595 2823 649 2869 et
679 2809 749 2868 de
780 2808 1022 2888 digamis
1048 2856 1059 2878 ,
1101 2821 1323 2868 servata
1350 2809 1742 2889 proportione:
1781 2831 1991 2868 annum
2015 2808 2274 2869 videlicet

398 2907 456 2965 in
493 2906 765 2986 digamiS‚
813 2905 909 2964 alii
952 2927 1084 2965 vero
1121 2904 1265 2964 duos
1297 2927 1506 2965 annos:
1564 2906 1847 2985 Triqamos
1881 2917 2060 2963 autem
2100 2906 2273 2963 tribus

398 3015 448 3062 ct
488 3024 644 3082 saepe
688 3013 925 3082 quatuor
967 3002 1128 3059 annis
1172 3014 1479 3080 seqreqant.
1531 3001 1594 3058 Id
1639 3013 1827 3060 autem
1872 3021 1982 3059 non
2028 3000 2272 3082 amplius

525 3208 607 3261 (84)
626 3207 774 3249 censet
799 3206 907 3247 idern
936 3207 1080 3246 auctor
1106 3217 1143 3246 s.
1170 3205 1366 3246 Basilium
1385 3206 1425 3246 et
1449 3206 1691 3257 Gregorium
1713 3207 2001 3248 nazianzenum
2034 3208 2077 3248 in
2101 3208 2187 3249 suis
2210 3220 2272 3249 ec·

393 3275 530 3318 clesiis
560 3287 608 3316 ex
646 3276 755 3315 iusta
788 3285 912 3315 causa
947 3273 1149 3325 quaedam
1185 3273 1448 3313 matrimonia
1481 3273 1674 3314 irritasse.
1709 3274 1813 3314 lbid.
1838 3286 1883 3325 p.
1909 3280 1999 3315 551.

528 3343 611 3395 (85)
639 3345 701 3383 De
721 3342 955 3383 concordia
977 3342 1055 3394 etc.
1089 3340 1160 3381 lib.
1183 3344 1221 3381 7.
1248 3351 1337 3391 cap.
1366 3344 1429 3381 78.
1463 3341 1685 3392 Nonnulli,
1708 3343 1754 3381 ut
1789 3344 1965 3382 Zonaras
1983 3372 1994 3392 ,
2026 3343 2240 3383 Balsamon
2258 3373 2271 3393 ‚

393 3411 548 3463 aliique
581 3412 747 3451 censent
779 3421 813 3450 s,
843 3409 1040 3450 Basilium
1068 3408 1110 3448 in
1137 3418 1227 3448 can.
1255 3413 1319 3448 89.
1352 3418 1434 3447 non
1469 3408 1583 3459 loqui
1616 3407 1667 3448 de
1697 3408 1883 3459 trigamia
1914 3408 1985 3449 sed
2021 3408 2072 3449 de
2101 3410 2272 3460 tetraga-

393 3479 503 3531 mia,
525 3490 631 3531 quae
649 3489 721 3531 per
752 3478 860 3530 leges
886 3476 1092 3530 prohibita
1116 3477 1216 3516 erat.
1250 3477 1403 3515 Verum
1426 3475 1503 3515 hae
1522 3476 1617 3515 sunt
1646 3487 1781 3516 merae
1799 3476 2070 3516 coniecturae.
2093 3475 2268 3516 Maurini

399 3557 495 3588 sane
516 3545 694 3589 editores
724 3545 777 3586 ab
799 3546 876 3585 hac
909 3544 1109 3586 sententia
1135 3542 1329 3584 recedunt
1360 3542 1550 3592 gravibus
1571 3543 1819 3594 argumentis
1846 3542 1972 3583 innixi
1993 3555 2098 3594 quae
2118 3542 2157 3583 in
2176 3543 2271 3583 nota

399 3624 523 3664 quam
552 3613 605 3654 ad
640 3613 749 3653 hunc
783 3623 873 3653 can.
911 3618 976 3653 80.
1006 3610 1237 3663 apponunt,
1268 3608 1398 3649 videri
1423 3611 1608 3660 possunt.
