2320 4030
358 219 428 274 ΖΞ
632 240 730 277 Lm.
771 239 845 277 111.
885 237 1026 276 SECT.
1070 239 1104 276 1.
1144 240 1206 276 DE
1252 241 1406 279 MATR.
1437 240 1640 280 cnmsT.
1673 242 1912 283 UMTATE.

357 350 507 406 rent;
553 350 742 395 contra
787 357 916 395 vero
963 337 1040 393 uti
1090 336 1263 395 lutum
1313 338 1619 420 platearum
1667 340 1792 398 illas
1834 362 2025 402 omnes
2079 365 2211 403 con-

356 434 523 491 temni
561 447 614 491 et
648 432 937 512 despectui
977 432 1167 492 haberi
1213 456 1357 515 quae
1402 436 1735 495 contrariam
1774 437 1920 496 viam
1960 439 2203 497 inierint.

359 531 415 586 ln
455 551 566 611 qua
603 528 877 588 sententia
923 529 1290 610 perditissimi
1336 533 1500 591 etiam
1547 532 1803 592 homines
1851 548 2203 615 permanent,

353 627 448 705 qui
494 623 607 683 illis
652 646 819 707 prave
861 624 1166 686 abutuntur
1196 650 1405 709 easque
1437 628 1742 700 seducunt,
1781 644 1842 689 ut
1871 632 2211 712 experientia

354 720 681 802 quotidiana
725 722 1006 803 patefacit.

458 818 637 880 Velint
659 819 828 900 igitur
850 820 1026 881 nolint
1050 822 1455 881 sansimoniani
1481 837 1536 882 et
1556 825 1962 884 communistae
1985 847 2200 896 omneS‚

351 937 460 973 non
505 914 616 976 alia
658 916 939 996 dignitas,
985 940 1094 977 non
1140 917 1251 977 alia
1295 918 1597 998 excogitari
1649 920 1878 980 libertas
1933 920 2209 981 foeminae

352 1024 535 1092 potest
582 1027 800 1094 praeter
840 1036 962 1074 eam
1008 1038 1175 1097 quam
1222 1014 1597 1074 sanctissimis
1642 1017 1760 1076 suis
1804 1016 2021 1097 legibus
2061 1018 2211 1076 chri-

349 1109 530 1168 stiana
574 1109 768 1190 religio
800 1111 848 1170 ei
881 1112 1226 1193 comparavit
1256 1127 1309 1171 et
1338 1111 1592 1172 contulit.
1631 1111 1782 1172 Haec
1818 1113 1939 1173 sola
1968 1113 2209 1194 fulgente

348 1205 573 1265 aureola
626 1207 747 1266 eius
803 1206 1036 1268 frontem
1091 1209 1309 1268 ornavit
1351 1230 1497 1290 quae
1547 1207 1835 1268 mulierem
1884 1209 2209 1270 christianis

350 1301 673 1362 hominibus
710 1304 1207 1363 commendabilem
1255 1303 1515 1363 reddidit.
1557 1303 1709 1364 Haec
1753 1304 1874 1364 sola
1911 1303 2208 1365 foeminam

347 1421 381 1457 a
424 1398 631 1459 misera
673 1399 770 1459 illa
814 1401 1124 1461 deiectione
1167 1402 1341 1461 erexit
1384 1401 1441 1459 in
1485 1424 1655 1483 quam
1698 1399 2110 1482 polytheismus
2144 1423 2209 1460 ac

347 1494 522 1555 falsae
577 1495 874 1576 religiones
923 1497 1177 1557 eamdem
1236 1499 1623 1569 coniecerant,
1674 1511 1727 1556 et
1769 1497 1823 1554 in
1869 1518 1982 1578 qua
2023 1496 2210 1557 adhuc

345 1606 639 1652 versantur
683 1593 833 1674 apud
878 1594 1116 1676 populos
1162 1616 1394 1666 omne5‚
1444 1594 1539 1676 qui
1598 1593 1847 1654 nondum
1890 1591 2211 1674 evangelica

346 1689 467 1748 luce
509 1688 813 1749 collustrati
859 1704 1025 1762 sunt,
1067 1705 1127 1750 ut
1171 1713 1373 1773 nempe
1419 1690 1680 1750 mulieres
1725 1689 2067 1761 habeantur,
2119 1704 2212 1749 aut

344 1785 511 1844 veluti
569 1786 878 1845 animantia
926 1786 1090 1846 bruta
1137 1787 1206 1845 ad
1255 1809 1424 1847 onera
1468 1786 1696 1846 serenda
1737 1786 2017 1845 destinata
2059 1786 2209 1868 apud

348 1880 647 1952 barber-05,
685 1895 781 1942 aut
809 1882 979 1941 veluti
1024 1883 1395 1943 instrumenta
1439 1882 1779 1963 voluptatum
1815 1904 1986 1964 penes
2017 1895 2210 1961 gentes

346 1977 593 2037 excultas
623 1979 772 2055 (43).

454 2073 598 2133 Hinc
620 2074 910 2135 verissime
936 2075 1171 2135 illustris
1195 2090 1388 2136 auctor
1410 2076 1707 2136 affirmavit
1730 2075 2207 2135 christianismum

345 2170 641 2230 foeminam
675 2171 989 2232 reddidisse
1020 2195 1119 2232 ens
1151 2172 1566 2254 quodammodo
1596 2172 2037 2253 supernaturale,
2076 2172 2210 2254 quia

344 2289 465 2326 eam
491 2289 662 2349 supra
682 2267 1055 2329 conditionem
1088 2291 1257 2351 quam
1290 2268 1562 2329 naturalis
1588 2269 1709 2328 eius
1734 2281 1986 2350 posceret
2016 2269 2209 2328 condi-

346 2365 423 2422 tio
460 2365 639 2424 evexit
666 2366 814 2443 (44).
845 2366 1064 2437 Quibus
1103 2366 1310 2426 addere
1340 2389 1642 2449 possumus
1683 2388 1855 2427 novas
1889 2367 1994 2426 has
2024 2380 2209 2426 sectas

346 2461 642 2521 foeminam
689 2462 833 2521 infra
884 2462 1192 2523 naturalem
1248 2463 1623 2524 conditionem
1668 2485 1899 2546 prorsus
1943 2463 2203 2523 deiicere.

466 2558 535 2618 Ut
564 2558 733 2638 igitur
760 2560 907 2642 quod
942 2561 1355 2642 assumpsimus
1395 2559 1826 2630 concludamuS‚
1865 2582 1966 2619 nec
1998 2559 2209 2619 diutius

343 2655 449 2715 hoc
481 2655 535 2713 in
569 2669 893 2734 argumento
928 2678 1247 2728 versemur,
1297 2670 1515 2717 constat
1560 2655 1985 2739 polyandriam,
2037 2655 2208 2716 multo

465 2813 500 2860 (4
509 2810 546 2860 3)
576 2813 685 2851 Inter
701 2812 838 2863 plures
858 2824 962 2863 quos
981 2823 1187 2853 recensere
1203 2824 1361 2864 possem
1383 2813 1505 2852 huius
1523 2814 1742 2852 assertores
1761 2811 1946 2852 veritatis
1967 2822 2092 2851 unum
2111 2810 2207 2851 asse-

347 2888 432 2916 ram
448 2878 667 2917 Buchanan
679 2909 690 2928 ‚
710 2878 782 2929 qui
798 2878 1106 2919 animadvertit:
1124 2896 1142 2914 «
1156 2882 1266 2919 Dans
1278 2880 1372 2919 tous
1391 2880 1448 2919 les
1464 2890 1561 2930 pays
1578 2879 1630 2918 οὺ
1649 2878 1687 2918 le
1707 2878 2002 2918 christianisme
2019 2888 2069 2917 ne
2089 2878 2209 2928 regne

344 2955 437 2994 pas,
466 2955 520 2983 on
548 2944 719 2985 observe
738 2955 818 2984 une
836 2946 1013 2986 cei-taine
1044 2945 1240 2987 tendence
1257 2946 1281 2986 a
1299 2947 1341 2987 la
1357 2946 1620 2997 degradation
1640 2945 1711 2985 des
1733 2946 1941 2985 semines.»
1964 2943 2201 2984 Christian.

351 3009 605 3049 Resenrches
623 3011 667 3049 in
685 3013 787 3050 Asia
806 3012 885 3050 etc.
905 3011 954 3062 by
974 3012 1044 3050 the
1061 3022 1145 3050 rev.
1167 3012 1366 3051 Claudius
1385 3012 1603 3052 Buchanan
1623 3013 1710 3051 DD.
1729 3010 1860 3050 Lond.
1882 3016 1992 3050 1812.
2015 3022 2055 3060 p.
2073 3016 2134 3050 56.

466 3076 547 3127 (44)
576 3078 723 3117 Comes
753 3077 804 3117 de
835 3077 1000 3117 Maistre
1036 3078 1079 3117 in
1116 3089 1182 3129 op.
1213 3080 1280 3118 Du
1309 3080 1450 3129 Pape,
1482 3078 1575 3116 livr.
1598 3079 1670 3115 111.
1690 3077 1756 3116 ch.
1782 3079 1809 3116 Ι.
1828 3076 1945 3116 cuius
1964 3075 2088 3115 verba
2109 3076 2205 3116 haee

344 3146 439 3182 sunt
458 3159 466 3181 ε
495 3143 633 3183 «C’est
648 3142 698 3184 de
719 3143 778 3183 lui
797 3144 811 3193 (
828 3143 1155 3194 christianisme)
1173 3144 1321 3195 qu'elle
1345 3143 1448 3183 tient
1470 3144 1583 3183 toute
1610 3154 1654 3182 sa
1677 3142 1843 3193 digniie.
1860 3145 1917 3182 La
1937 3142 2082 3182 semme
2101 3143 2207 3183 chre-

346 3210 480 3250 tienne
513 3213 574 3250 est
603 3210 805 3250 vraiment
834 3221 888 3249 un
921 3212 1006 3250 etre
1030 3210 1314 3263 surnacurel,
1346 3211 1588 3262 puisqu‘elle
1619 3211 1681 3250 est
1711 3210 1899 3250 soulevee
1918 3212 1958 3250 et
1978 3210 2208 3249 manamine

347 3288 418 3328 par
454 3278 508 3317 lui
538 3277 701 3329 jusqu'a
731 3288 787 3317 un
814 3277 922 3326 etat,
956 3278 1026 3329 qui
1054 3288 1104 3317 ne
1128 3278 1188 3318 lui
1209 3280 1269 3318 est
1289 3289 1361 3330 pas
1381 3277 1603 3319 natur-el.»

466 3345 691 3385 Nonnullas
717 3345 839 3385 etiam
859 3346 938 3385 hac
954 3345 1006 3385 de
1026 3356 1070 3384 re
1087 3346 1447 3386 commentationes
1475 3344 1529 3384 cf.
1550 3344 1658 3396 apud
1686 3344 1738 3385 cl.
1759 3343 1939 3385 Tullium
1961 3344 2147 3383 Dandolo
2164 3344 2204 3381 in

346 3422 412 3461 op.
436 3409 517 3451 Del
546 3412 863 3452 crtsttanesimo
888 3414 1091 3452 nascente
1111 3410 1180 3451 ubi
1200 3412 1282 3463 agit
1302 3411 1353 3451 de
1372 3413 1416 3451 B.
1434 3411 1623 3462 Virgine,
1648 3410 1760 3461 quod
1791 3412 1912 3462 caput
1940 3410 2204 3462 praemissum

345 3480 406 3516 est
437 3477 552 3517 alteri
588 3477 769 3518 eiusdem
803 3478 980 3519 auctoris
1011 3478 1122 3530 operi
1156 3478 1449 3518 L'imieazione
1467 3476 1513 3519 di
1533 3477 1643 3519 Ges'i‘t
1667 3479 1820 3518 Crista.
1840 3487 2025 3516 recusum
2048 3476 2196 3515 Medio·

347 3543 426 3582 lani
453 3548 560 3584 1857.
585 3555 673 3595 pag.
695 3548 757 3584 67.
1256 3551 1259 3555 ’
