2320 4030
498 325 610 364 CAP.
637 325 671 363 l.
696 325 760 364 DE
784 322 1071 362 POLYGAMIA
1115 319 1457 359 SIMULTANEA.
1490 319 1605 357 ΛΒΤ.
1629 319 1664 356 1.
1948 298 2018 353 23

176 446 304 484 vero
327 424 503 503 magis
534 422 975 483 communionem
1008 417 1377 477 foeminarum
1405 438 1474 476 ne
1505 417 1636 474 dum
1668 416 1775 474 iuri
1807 415 2015 482 divino,

175 542 361 580 verum
408 520 571 578 etiam
616 518 721 577 iuri
763 513 999 575 naturali
1043 512 1264 593 penitus
1301 513 1613 572 adversari.

879 734 1223 780 AR'HCULUS
1268 734 1326 776 ΙΙ.

176 913 471 976 ῬοΙγςαωία
511 909 794 958 simultanea
833 909 925 955 iuri
962 912 1161 955 naturae
1199 905 1414 953 absolute
1447 919 1542 953 non
1577 912 1829 969 repugnat,
1863 907 2013 955 eidem

275 1000 433 1042 tamen
460 993 617 1039 minus
636 989 897 1037 conformis
919 993 991 1036 est
1016 992 1064 1035 et
1086 985 1420 1048 quadantenus
1446 988 1589 1034 etiam
1616 987 1918 1035 adversatur.

291 1182 532 1241 Breviter
574 1180 700 1238 heic
744 1200 845 1238 nos
881 1200 915 1237 a
951 1178 1129 1259 prima
1171 1177 1516 1259 quaestionis
1562 1192 1718 1258 parte
1762 1179 2016 1259 expedie-

172 1301 330 1349 muS,
372 1298 498 1336 cum
541 1296 714 1357 penes
756 1272 1058 1332 catholicos
1101 1292 1295 1331 omnes
1338 1284 1557 1331 constet
1598 1293 1708 1331 non
1751 1271 1829 1332 ita
1870 1275 2024 1333 eius-

170 1373 319 1432 modi
358 1370 726 1454 polygamiam
758 1368 966 1428 directe
995 1388 1306 1448 repugnare
1338 1365 1445 1445 legi
1478 1380 1738 1439 naturae,
1766 1382 1828 1427 ut
1847 1390 2021 1450 quan-

170 1471 382 1550 doque,
409 1468 510 1527 Dei
537 1465 857 1548 praesertim
890 1463 1183 1523 accedente
1213 1462 1668 1544 dispensatione,
1716 1463 1868 1524 licita
1898 1465 2017 1524 fieri

172 1587 279 1624 non
319 1563 516 1646 possit.
552 1561 615 1621 Id
658 1583 787 1621 vero
832 1560 1089 1620 statuitur
1132 1559 1343 1641 passim
1386 1559 1656 1619 adversus
1694 1559 2015 1633 Calvinum,

168 1660 265 1742 qui
310 1658 614 1719 autumavit
654 1678 956 1739 numquam
999 1656 1239 1738 permitti
1285 1655 1662 1737 polygamiam
1706 1678 1910 1737 posse,
1955 1680 2020 1717 eo

168 1757 317 1837 quod
361 1756 468 1834 legi
512 1753 749 1814 naturali
787 1753 860 1813 sit
895 1775 1125 1834 prorsus
1166 1752 1460 1812 contraria.
1491 1752 1634 1811 Hinc
1664 1774 1774 1812 non
1803 1767 2022 1814 veretur

170 1851 512 1934 patriarchas
549 1873 672 1912 reos
714 1850 1002 1909 traducere
1032 1848 1170 1908 laesi
1203 1849 1339 1907 iuris
1372 1847 1641 1907 naturalis
1679 1848 1751 1908 ob
1784 1871 2015 1909 uxorum

167 1947 535 2028 pluralitatem
548 1997 557 2006 .
1956 1947 1963 1950 ⁷

283 2044 375 2103 Sic
414 2043 561 2103 enim
605 2043 786 2123 arguit
820 2043 1007 2100 Saram
1045 2041 1190 2124 quod
1234 2040 1491 2100 Abrahae
1521 2039 1670 2120 Agar
1698 2041 1756 2100 in
1789 2064 2015 2103 uxorem

163 2140 412 2199 dederit:
455 2140 748 2210 «Verum,
806 2139 1030 2220 inquit,
1081 2150 1141 2196 ut
1182 2159 1269 2196 res
1315 2149 1464 2196 esset
1504 2136 1799 2218 desperata
1844 2142 2018 2217 (con-

162 2236 407 2317 ceptio),
430 2258 538 2295 non
569 2234 761 2295 debuit
805 2249 988 2294 tamen
1033 2233 1343 2315 quidquam
1386 2233 1614 2313 aggredi
1654 2236 1766 2293 nisi
1794 2236 1901 2294 Dei
1926 2259 2017 2295 vo-

165 2331 367 2389 luntati
393 2343 443 2389 et
474 2331 707 2411 leqitz‘mo
742 2342 969 2389 nat-urae
1005 2329 1187 2388 ordini
1213 2342 1667 2389 consentaneum.
1704 2330 1858 2390 Sarai
1891 2354 2018 2392 con-

164 2426 317 2485 nubii
361 2426 534 2506 legem
576 2427 862 2510 pervertit,
900 2425 1098 2485 lectum
1143 2425 1488 2504 coniugalem
1511 2473 1524 2495 ‚
1559 2425 1656 2508 qui
1687 2426 1905 2488 duobus
1937 2429 2017 2487 di-

164 2534 319 2582 catus
361 2536 511 2594 erat,
561 2522 858 2604 polluendo
892 2547 918 2578 »
960 2534 1015 2581 et
1057 2521 1223 2603 paulo
1263 2535 1390 2604 post
1433 2522 1613 2603 pergit
1666 2523 1902 2604 loquens
1945 2526 2015 2583 de

165 2614 516 2676 Abraham:«
536 2618 842 2699 improprie
884 2630 1067 2677 tamen
1115 2618 1343 2697 (Agar)
1391 2631 1621 2678 vocatur
1662 2641 1831 2689 uxor,
1869 2642 2014 2701 quae

166 2722 378 2790 praeter
397 2711 496 2770 Dei
518 2712 695 2791 legem
726 2713 783 2770 in
806 2713 1049 2772 alienum
1093 2727 1272 2772 torum
1318 2713 1621 2772 inducitur.
1651 2713 1836 2784 Quare
1867 2717 2013 2774 scia-

165 2826 288 2862 mus
332 2804 479 2863 hunc
519 2806 869 2865 concubitum
907 2807 989 2865 sic
1026 2805 1278 2866 illicitum
1323 2807 1526 2879 fuisse,
1572 2822 1634 2868 ut
1674 2808 1819 2870 inter
1859 2832 2010 2869 scor-

163 2900 422 2959 tationem
445 2913 498 2959 et
518 2901 835 2981 coniugium
862 2902 1023 2984 quasi
1048 2902 1265 2962 medius
1290 2903 1453 2964 fuerit
1480 2905 1600 2983 (45)
1618 2930 1670 2963 .»
1686 2905 1754 2965 Et
1783 2906 2002 2977 iterum,

160 2994 442 3054 disserens
488 2996 556 3054 de
601 2996 764 3056 Iacob
786 3045 798 3067 ‚
836 2997 931 3078 qui
962 3013 1089 3079 post
1118 2999 1270 3058 Liam
1302 2999 1595 3060 Rachelem
1642 3001 1801 3062 duxit
1830 3004 1889 3060 in
1921 3026 2008 3062 se-

160 3093 397 3152 cundam
422 3115 645 3154 uxorem
671 3119 683 3153 z
710 3120 737 3150 «
756 3095 825 3155 Ut
846 3095 1075 3167 malum,
1105 3097 1313 3178 inquit,
1343 3097 1592 3179 duplicet
1622 3100 1999 3182 polygamia.»

158 3186 370 3247 Deinde
414 3190 494 3248 sic
536 3190 743 3271 pergit:
778 3191 1020 3272 «ltaque
1057 3191 1127 3250 ad
1166 3193 1386 3251 tertium
1432 3195 1750 3274 coniugium
1796 3195 2008 3275 rapitur

163 3282 341 3342 lacob.
379 3285 536 3344 Unde
579 3285 891 3366 colligimus
935 3288 1147 3346 nullum
1177 3311 1285 3347 esse
1310 3292 1523 3369 peccati
1562 3291 1750 3372 finem,
1789 3291 1885 3348 ubi
1917 3312 2005 3349 se-

160 3378 265 3437 mel
322 3381 568 3459 neglecta
610 3396 695 3442 est
734 3382 832 3442 Dei
879 3383 1475 3444 institutio....Mirum
1521 3400 1606 3445 est
1661 3386 1810 3467 quod
1854 3386 2002 3444 Deus

277 3567 356 3614 (45)
387 3571 617 3608 Comment.
642 3570 682 3608 in
703 3581 789 3619 cap.
815 3572 918 3609 XVl.
942 3574 1083 3609 (lenes.
1108 3583 1201 3622 opp.
1218 3571 1280 3611 ed.
1305 3572 1594 3613 Amstelodami
1620 3574 1895 3614 1671.10m.1.
