2320 4030
235 227 267 281 8
488 242 589 282 un.
618 240 696 282 111.
725 236 865 280 sacr.
903 236 940 275 1.
978 235 1043 274 ns
1073 234 1230 285 nnn.
1261 232 1467 273 cumsr.
1490 231 1730 273 amun-2.

235 340 404 399 ristae
445 360 518 409 ac,
564 332 1032 397 Phalansteristae
1082 330 1538 392 commendarunt
1572 331 2068 404 communitatem,

228 436 393 496 ,euius
437 433 681 494 membra
722 429 1039 511 promiscue
1082 428 1347 507 degerent
1376 426 1432 484 in
1464 426 1658 486 eadem
1698 426 1887 500 domo,
1921 427 2073 489 vive-

233 545 464 612 rentque
506 531 562 587 in
606 525 885 586 communi
930 524 1037 584 sub
1089 524 1258 583 unica
1307 524 1623 603 capacitatis
1677 523 1811 602 leqe,
1862 523 2078 582 harmo-

231 629 447 685 niarum
487 635 537 681 et
578 623 931 703 affectionum
968 621 1081 698 (2);
1118 630 1171 677 et
1214 618 1291 677 ita
1335 639 1497 698 porro
1541 618 1739 677 docere
1781 639 1891 677 non
1945 632 2076 678 sunt

234 720 392 782 veriti
416 717 651 776 Icariani
674 765 686 788 ,
730 728 896 798 atque
934 714 1337 774 communistae
1368 714 1603 785 caeteri,
1640 735 1873 795 quorum
1905 714 2081 795 pestis

239 832 383 874 nunc
412 813 574 892 longe
603 811 824 893 lateque
867 811 1184 870 societatem
1230 808 1621 891 depopulatur.

352 909 451 969 Isti
495 931 528 968 a
570 908 689 968 suis
733 906 1012 967 cineribus
1056 905 1465 965 exsuscitarunt
1507 905 1783 987 quidquid
1827 905 1970 965 foedi
2023 919 2078 964 et

230 1006 489 1068 obscoeni
520 1005 734 1086 antiqui
766 1004 1002 1063 docuere
1033 1001 1386 1084 philosophi3
1418 1001 1570 1061 Plato
1600 1003 1954 1082 praesertim,
1991 1001 2078 1061 di-

229 1103 395 1162 vinus
438 1121 637 1181 nempe
679 1099 775 1158 ille
818 1098 1004 1169 Plato,
1054 1098 1149 1177 qui
1193 1098 1251 1154 in
1295 1117 1399 1156 sua
1428 1096 1765 1156 chimaerica
1794 1097 2079 1179 republica

232 1197 683 1258 communitatem
726 1195 931 1277 pariter
961 1194 1327 1253 foeminarum
1365 1193 1727 1252 constituerat
1763 1196 1876 1273 (3);
1913 1193 2079 1275 quid-

234 1293 370 1375 quid
402 1292 693 1373 cynismus
724 1289 1000 1360 ethnicus,
1037 1289 1433 1368 gnosticismus
1461 1288 1744 1350 orientalis
1767 1289 2073 1360 effutierat3

232 1387 508 1470 quidquid
543 1386 769 1444 demum
791 1384 1145 1443 latrocinium
1169 1384 1452 1464 albigense
1474 1384 1659 1443 media
1682 1397 1859 1445 aetate
1875 1433 1887 1457 ,
1915 1399 2081 1467 atque

231 1481 613 1564 anabaptistae
657 1479 861 1560 impuri
905 1479 1306 1557 excogitarunt.

354 1578 621 1649 Quamvis
658 1598 820 1658 porro
856 1598 1019 1635 nemo
1043 1576 1275 1635 istorum
1300 1588 1517 1656 aperte,
1546 1575 1941 1657 conceptisque
1963 1597 2083 1636 ver-

230 1674 319 1733 bis
363 1672 726 1754 polyandriae
768 1671 1012 1731 theorice
1054 1671 1422 1753 patrocinium
1461 1671 1801 1752 susceperit,
1839 1671 2084 1751 practice

232 1783 415 1828 tamen
459 1788 580 1827 eam
625 1788 817 1826 omnes
861 1766 1161 1825 admittunt
1190 1787 1259 1824 -ac
1296 1765 1655 1847 profitentur,
1693 1787 1928 1846 eamque
1958 1786 2086 1847 pro-

232 1862 599 1945 pensionibus
659 1860 919 1919 humanis
970 1859 1132 1919 valde
1176 1875 1569 1939 congruentem
1626 1861 1923 1919 adstruunt
1977 1860 2083 1919 sub

238 1959 610 2018 communismi
648 1958 899 2039 foeminei
939 1956 1420 2028 denominatione,
1450 1957 1527 2015 ita
1549 1970 1609 2016 ut
1637 1958 1816 2038 possit
1845 1955 2085 2015 foemina

237 2075 607 2136 unaquaeque
650 2064 727 2111 tot
767 2052 905 2112 viris
949 2074 1010 2112 se
1054 2052 1420 2132 coniungere,
1460 2067 1593 2134 quot
1627 2053 1737 2134 ipsi
1771 2053 1979 2112 bonum
2008 2052 2086 2113 vi-

237 2173 360 2209 sum
407 2149 590 2208 fuerit.

358 2247 439 2305 Ex
474 2245 907 2327 protestantibus
938 2245 1269 2305 Thomasius
1302 2245 1687 2327 polyandriam
1719 2246 1900 2326 aliquo
1930 2245 2084 2304 modo

239 2530 289 2570 «le
305 2529 455 2570 l'ordre
472 2529 645 2569 social...
656 2540 735 2580 que
754 2529 792 2569 10
809 2527 1004 2580 mariage,
1024 2529 1251 2580 legislation
1268 2529 1319 2569 de
1336 2528 1544 2569 l'adultere
1558 2529 1605 2569 sit
1616 2529 1728 2580 place
1740 2528 1764 2568 ὲ
1779 2528 1818 2568 13
1833 2529 2087 2569 souvrainete

240 2596 312 2635 des
332 2595 552 2646 penchants
572 2597 611 2635 et
630 2595 653 2634 a
674 2595 999 2646 l'emancipation
1018 2596 1072 2635 du
1095 2596 1259 2647 plasir.»
1277 2596 1469 2636 Ensantin
1499 2607 1603 2636 unus
1633 2607 1682 2636 ex
1709 2595 1936 2647 praecipuis
1967 2596 2088 2635 huius

234 2665 366 2702 sectae
400 2661 732 2713 propagatoribus
766 2662 847 2701 iam
885 2673 951 2702 an.
977 2669 1088 2702 1831.
1110 2662 1377 2713 promovebat
1408 2662 1808 2702 rehabitttacionem
1841 2664 1985 2702 carnis
2015 2673 2086 2713 per

232 2727 476 2775 foeminam
502 2727 702 2766 liberam.
727 2727 770 2766 ld
799 2728 931 2778 ipsum
959 2731 1098 2779 postea
1125 2729 1326 2779 praestitit
1354 2729 1573 2769 Proudhon
1604 2740 1669 2768 an.
1697 2732 1808 2768 1846.
1839 2728 1902 2768 Cf.
1937 2738 2002 2779 op.
2030 2729 2087 2769 Le

238 2795 546 2832 communt'sme
575 2794 616 2832 et
642 2803 707 2832 ses
734 2803 898 2833 causes.
922 2794 1106 2843 Avignon
1132 2798 1242 2834 1848.
1264 2794 1392 2845 prem.
1414 2797 1518 2845 part.
1540 2806 1630 2846 pag.
1657 2800 1701 2834 19
1722 2805 1836 2845 seqq.

360 2860 415 2909 (2)
443 2860 503 2898 lta
529 2859 668 2899 Victor
687 2860 977 2900 considerant:
1006 2862 1262 2912 Exposition
1283 2861 1345 2901 du
1364 2861 1541 2913 systcme
1552 2861 1888 2912 phalansccrien
1906 2860 1958 2900 de
1974 2861 2086 2901 Fou-

241 2929 330 2966 νᾶεν
355 2937 444 2976 pag.
469 2929 531 2965 72.
553 2928 593 2965 et
610 2937 698 2976 pag.
715 2932 781 2966 98.
805 2944 823 2961 «ι
843 2930 899 2966 La
920 2927 1071 2966 familie
1100 2939 1200 2978 pour
1226 2939 1305 2967 eux
1320 2956 1332 2978 ,
1364 2928 1521 2978 inquit,
1541 2929 1642 2967 n'est
1667 2928 1819 2978 qu’une
1837 2927 1980 2977 simple
1999 2926 2083 2966 reu-

241 2993 337 3031 nion
363 2991 414 3031 de
439 2991 745 3042 reproduction3
765 2995 805 3032 et
821 2992 858 3032 le
873 2993 1047 3043 premier
1062 2993 1235 3033 clement
1254 2994 1401 3045 800131,
1421 2995 1519 3035 c'est
1536 2994 1573 3034 le
1590 2993 1843 3045 phalanstere
1857 3005 1910 3033 ou
1926 2994 1965 3032 13
1976 3004 2084 3032 com·

239 3069 360 3098 mune
371 3074 383 3110 ;
415 3065 511 3100 1200
540 3070 757 3110 personnes
787 3070 837 3098 au
874 3060 1004 3099 moins
1042 3059 1224 3099 habitant
1263 3060 1365 3100 dans
1394 3071 1474 3099 une
1509 3062 1640 3100 meme
1675 3061 1832 3099 maison
1852 3062 1930 3109 ety
1949 3059 2087 3099 vivant

242 3136 290 3164 en
325 3137 516 3166 commun
541 3136 643 3165 sans
661 3135 956 3166 concurrance
977 3136 1072 3165 sous
1092 3126 1132 3165 13
1149 3127 1259 3166 seule
1279 3126 1334 3165 101
1358 3125 1408 3166 (10
1428 3127 1466 3166 13
1488 3126 1691 3177 capacite,
1710 3127 1781 3166 des
1801 3126 2029 3165 harmonies
2046 3128 2087 3166 et

243 3191 312 3231 des
329 3192 555 3232 attraits....
569 3192 623 3231 lls
644 3191 756 3231 n'ont
782 3192 869 3242 (les
888 3192 1071 3232 hommes
1089 3191 1103 3242 )
1131 3203 1211 3243 que
1235 3192 1469 3232 l’embarras
1490 3192 1543 3232 du
1564 3193 1725 3232 choix.»
1742 3194 1791 3232 Et
1809 3193 1849 3231 in
1869 3195 1935 3243 op.
1962 3191 2087 3231 Theo·

244 3261 307 3298 rte
324 3258 398 3298 des
409 3260 566 3310 quatre
585 3268 684 3298 mou
693 3260 879 3298 vements
898 3269 964 3298 an.
985 3261 1096 3299 1840.
1118 3269 1207 3309 pag.
1234 3261 1319 3298 146.
1341 3275 1359 3293 «
1379 3261 1467 3298 Une
1484 3259 1630 3298 femme
1645 3289 1655 3309 ,
1676 3258 1838 3309 scribit,
1860 3260 1954 3309 peut
1973 3259 2086 3297 avoir

245 3326 267 3363 a
286 3325 325 3364 la
343 3325 419 3365 sois
442 3331 475 3364 1.
491 3335 545 3363 un
566 3335 696 3376 epoux
715 3323 816 3363 dont
834 3323 910 3364 elle
925 3335 949 3363 3
963 3323 1068 3363 deux
1098 3324 1278 3375 ensants3
1306 3331 1343 3365 2.
1360 3336 1415 3364 un
1434 3324 1638 3375 geniteur,
1660 3324 1761 3365 dont
1779 3325 1855 3365 0110
1873 3325 1940 3364 n'a
1961 3325 2088 3375 qu'un

242 3392 404 3442 enfant5
433 3398 468 3431 3.
489 3402 545 3430 uu
565 3391 717 3441 favori,
739 3391 809 3440 qui
830 3402 853 3430 a
878 3391 977 3441 veen
1003 3401 1099 3430 avec
1116 3391 1193 3430 0110
1213 3391 1338 3441 etqui
1362 3403 1385 3430 a
1405 3392 1598 3431 conserve
1619 3392 1655 3431 10
1674 3393 1790 3442 titre3
1816 3391 1907 3441 plus
1925 3391 1974 3430 de
1991 3391 2086 3430 sim-

240 3458 325 3507 ples
349 3469 621 3509 possesseurs,
652 3457 723 3508 qui
755 3467 806 3496 ne
834 3459 925 3497 sont
955 3458 1039 3497 rien
1072 3457 1222 3497 devant
1259 3458 1298 3497 13
1329 3458 1430 3497 101.»

362 3525 416 3574 (3)
443 3524 530 3564 Lib.
553 3526 601 3565 V.
625 3526 686 3565 De
708 3523 931 3575 republica
951 3525 1066 3565 cuius
1087 3524 1207 3564 verba
1230 3524 1270 3564 in
1291 3524 1421 3575 primo
1440 3525 1541 3565 libro
1561 3526 1861 3576 descripsimus.
