2320 4030
335 219 407 274 18
615 236 717 274 LlB.
756 234 833 274 111.
874 231 1016 270 SECT.
1056 230 1092 268 1.
1133 230 1197 269 ΒΕ
1229 230 1387 269 MATR.
1423 229 1626 267 cums'r.
1669 229 1907 269 UNITATE.

455 335 664 395 Eodem
697 331 880 390 medio
911 351 1067 398 aeVO,
1117 351 1181 388 ac
1212 329 1407 388 eadem
1441 328 1613 386 ferme
1644 340 1823 388 aetate
1852 331 2032 390 extitit
2061 332 2198 390 Tan-

332 432 586 492 chelinus
633 429 728 510 qui
762 448 822 486 se
853 426 1040 508 ipsum
1080 427 1258 485 Deum
1297 425 1539 486 faciebat
1575 447 1639 485 ac
1679 426 1806 485 Iesu
1844 426 2066 488 Christo
2098 452 2197 511 pa-

330 553 480 600 rem,
531 528 628 609 qui
673 547 784 584 non
831 524 942 584 alia
983 525 1054 584 de
1100 547 1271 584 causa
1322 524 1473 583 Deus
1525 523 1849 596 dicebatur,
1899 525 2010 585 nisi
2062 528 2195 609 quia

332 636 613 704 receperat
636 621 902 703 Spiritum
934 622 1198 680 Sanctum
1237 619 1398 679 cuius
1434 619 1843 701 plenitudinem
1879 642 1940 680 se
1971 644 2195 704 quoque

327 720 617 800 accepisse
656 718 1047 800 profitebatur,
1084 740 1150 777 ex
1180 739 1292 800 quo
1323 716 1596 777 inferebat
1627 739 1687 777 se
1713 739 1823 776 non
1860 716 2037 777 fuisse
2068 719 2195 778 lesu

326 816 550 875 Christo
585 814 702 875 ullo
737 815 903 875 modo
942 814 1283 874 inferiorem.
1329 815 1391 871 In
1434 835 1599 873 omne
1644 826 1826 872 autem
1872 812 2069 872 vitium
2114 816 2195 874 ef-

323 913 484 971 fusus
539 912 856 993 promiscue
914 924 1186 992 quotquot
1237 922 1454 991 poterat
1503 910 1761 970 foeminis
1813 909 2188 981 abutebatur,-

322 1031 489 1090 quem
534 1008 742 1091 pariter
785 1008 907 1067 eius
953 1007 1221 1088 discipuli
1267 1006 1468 1066 imitati
1511 1020 1646 1066 sunt
1680 1009 1827 1086 (29).
1857 1007 1971 1066 Hos
2017 1010 2191 1067 secuti

322 1120 452 1166 sunt
477 1106 770 1188 Turlupini
816 1106 873 1163 in
910 1128 1129 1165 omnem
1161 1117 1214 1163 et
1246 1104 1356 1185 ipsi
1390 1103 1793 1185 turpitudinem
1824 1104 1986 1164 effusi
2034 1106 2192 1187 cyni-

321 1226 416 1263 cos
463 1203 809 1263 aemulantes
845 1205 992 1281 (30).

443 1300 574 1359 Post
615 1299 756 1358 haec
800 1300 1061 1381 persequi
1108 1320 1216 1358 non
1260 1311 1422 1357 vacat
1464 1297 1701 1358 docendi
1746 1320 1813 1357 ac
1839 1299 2064 1382 vivendi
2107 1323 2189 1359 ra-

321 1397 525 1456 tionem
557 1418 727 1477 quam
760 1395 954 1455 sectati
987 1408 1120 1454 sunt
1150 1394 1634 1476 pseudo-mystici
1665 1393 1915 1454 cuiusvis
1953 1396 2182 1466 aetatis,

318 1494 399 1553 uti
431 1492 762 1553 massaliani
786 1494 934 1570 (31),
966 1491 1256 1573 apostolici
1280 1493 1428 1570 (32),
1452 1490 1672 1551 lollardi
1703 1494 1851 1570 (33),
1874 1493 1971 1573 qui
1994 1515 2190 1552 omnes

320 1590 548 1672 nuptias
578 1589 971 1671 deprimebant
993 1602 1088 1647 aut
1117 1587 1460 1647 damnabant
1483 1587 1589 1647 sub
1612 1588 1988 1648 continentiae
2011 1588 2185 1659 larva,

319 1700 373 1746 et
396 1686 616 1746 interim
641 1708 702 1745 se
723 1685 1064 1744 libidinosae
1090 1684 1582 1766 concupiscentiae
1612 1707 1843 1766 prorsus
1871 1684 2184 1744 tradebant.

320 1784 473 1843 ldem
518 1783 751 1862 contigit
809 1782 1105 1842 thaboritis
1168 1784 1222 1860 (3
1235 1783 1287 1859 4)
1316 1831 1327 1854 ,
1393 1781 1765 1863 anabaptistis
1823 1784 1979 1860 (35),
2029 1781 2189 1863 quie-

319 1879 465 1939 tistis
502 1881 622 1958 (36)
651 1928 662 1950 ,
711 1880 807 1961 qui
855 1879 1091 1937 summis
1136 1877 1400 1938 laudibus
1457 1879 1786 1960 pudicitiam
1842 1878 2182 1948 efferebant,

317 1977 563 2058 dumque
608 1998 670 2035 se
714 1977 770 2034 in
814 1976 1074 2035 vitiorum
1109 1975 1227 2034 luto
1256 1974 1603 2047 volutabant,
1641 1974 1942 2055 quamdam
1986 1974 2189 2056 impec—

316 2186 379 2225 ed.
418 2186 555 2225 Petav.
586 2183 705 2225 nobis
738 2185 926 2235 exponit;
962 2184 1127 2223 illorum
1163 2185 1304 2223 coetus
1339 2182 1517 2233 appellat
1551 2182 1808 2233 speluncam
1841 2192 1910 2222 sen
1946 2192 2184 2222 cavernam

315 2254 612 2292 monslrorum
629 2251 715 2292 sine
733 2251 978 2291 verecundia
996 2250 1242 2303 (legentium.
1255 2250 1318 2290 Cf.
1330 2250 1451 2289 etiam
1472 2250 1669 2289 Clement.
1682 2250 2016 2290 Alex.Stromat.
2029 2249 2101 2290 lib.
2114 2251 2185 2289 lll.

320 2333 358 2371 p.
380 2323 454 2360 427
487 2330 603 2370 seqq.
626 2330 659 2359 s.
678 2319 893 2369 Augustin.
926 2321 984 2358 De
1010 2318 1223 2358 haeresib.
1250 2321 1428 2358 Haeres.
1454 2319 1630 2358 XXXI.
1650 2318 1912 2358 philastrium
1941 2317 2186 2358 brixiensem

314 2399 403 2439 cap.
440 2389 581 2427 XLIX.
619 2387 765 2432 Quoad
808 2386 1051 2426 recentiores
1086 2386 1138 2426 cf.
1167 2386 1343 2437 l‘luquet
1382 2387 1567 2426 Diclion.
1607 2384 1682 2425 des
1723 2384 1859 2426 Ite're's.
1899 2387 2028 2426 Paris.
2071 2388 2183 2425 1845.

315 2456 392 2493 art.
416 2453 653 2493 Adamites.

438 2520 519 2570 (29)
546 2520 609 2560 Cf.
634 2520 811 2570 Pluquet
836 2531 903 2570 op.
934 2519 1004 2559 cit.
1037 2520 1115 2560 art.
1140 2518 1393 2560 Tauchelz'n.
1424 2521 1509 2559 Hos
1539 2518 1662 2558 etiam
1694 2518 1795 2559 «liris
1825 2519 2031 2559 coloribus
2058 2519 2186 2570 pingit

313 2587 503 2627 Miclielet
530 2587 572 2625 in
606 2597 680 2626 sua
709 2588 824 2627 Hz'st.
844 2586 897 2627 de
916 2589 1111 2633 Franco,
1127 2587 1229 2626 tom.
1253 2588 1308 2626 ll.
1327 2597 1368 2636 p.
1393 2591 1466 2627 396
1485 2597 1600 2637 seqq.

439 2653 520 2704 (30)
544 2654 607 2694 Cf.
632 2655 866 2694 Prateolum
902 2657 960 2694 De
989 2656 1115 2704 vitis,
1145 2655 1273 2694 sectis
1297 2655 1340 2694 et
1368 2653 1607 2704 doqmatz‘b.
1631 2654 1795 2695 haeret.
1823 2654 2002 2694 Elenclt.
2031 2654 2182 2706 alpha-

314 2721 491 2761 beticus.
515 2720 708 2760 Coloniae
732 2726 844 2761 1581.
867 2719 939 2760 lib.
959 2722 1105 2760 XVIII.
1127 2730 1218 2771 pag.
1240 2722 1329 2760 491.

434 2788 515 2837 (31)
542 2787 873 2838 Cf.s.Epiphan.
890 2789 953 2826 De
977 2786 1144 2827 haeres.
1175 2788 1352 2826 Haeres.
1375 2788 1534 2826 LXXX.

435 2853 516 2903 (32)
546 2853 608 2893 Cf.
620 2864 653 2893 s.
667 2853 862 2893 Bernard.
874 2853 917 2893 in
934 2855 1102 2893 Cantic.
1120 2855 1336 2893 serm.LX
1347 2855 1390 2893 V.
1402 2854 1443 2893 et
1456 2853 1762 2904 seq.Mabillon.
1778 2853 1975 2894 Ana-lect.
1989 2855 2090 2894 tom.
2107 2856 2179 2893 lll.

315 2933 353 2971 p.
377 2924 465 2960 453.
486 2920 732 2970 D’Argentre
754 2918 931 2960 Collect.
947 2919 1086 2959 indic.
1106 2922 1208 2959 tom.
1229 2922 1262 2960 1.
1288 2931 1326 2971 p.
1351 2925 1414 2961 33.
1433 2922 1527 2961 Nat.
1544 2921 1659 2960 Alex.
1685 2922 1783 2961 sect.
1806 2921 1897 2961 XII.
1919 2922 1996 2960 art.
2018 2922 2087 2960 XI.
2120 2923 2182 2959 De

314 2987 437 3027 variis
456 2986 796 3039 apostolicorum
816 2986 937 3026 sectis
954 2986 1036 3026 late
1056 2987 1220 3026 disserit
1238 2987 1453 3027 Prateolus
1471 2999 1538 3038 op.
1556 2987 1626 3027 cit.
1640 2987 1712 3027 lib.
1729 2989 1861 3038 Lcap.
1875 2992 1991 3037 59.p.
2005 2992 2052 3027 58
2065 2998 2180 3038 seqq.

434 3054 516 3105 (33)
544 3054 607 3094 cf.
635 3054 771 3105 Dupin
799 3055 917 3093 Hist.
936 3052 1010 3093 des
1033 3054 1235 3093 controv.
1255 3055 1440 3103 quatorz.
1463 3053 1585 3093 siecle
1608 3064 1649 3104 p.
1667 3057 1756 3094 436.
1774 3053 2011 3104 d'Argentre
2026 3065 2091 3105 op.
2108 3054 2179 3094 cit.

312 3125 411 3161 tom.
437 3123 465 3160 l.
489 3131 579 3171 pag.
606 3126 694 3161 282.

433 3186 516 3238 (34)
544 3186 607 3227 Cf.
627 3186 860 3226 Prateoluni
883 3186 1034 3238 op.cit.
1059 3186 1131 3226 lib.
1148 3188 1293 3226 XVlll.
1309 3197 1400 3238 pag.
1425 3190 1514 3228 471.

433 3254 514 3306 (35)
542 3255 605 3295 Cf.
629 3254 759 3295 Sudre
787 3256 968 3295 Histoir.
992 3253 1054 3294 du
1083 3255 1416 3304 communisme,
1438 3255 1505 3296 ed.
1526 3254 1596 3295 cit.
1617 3266 1658 3307 p.
1682 3259 1731 3295 79
1748 3266 1864 3307 seqq.

432 3322 515 3373 (36)
542 3321 1190 3362 Cf.Constit.1nnoc.XI.contra
1209 3332 1365 3362 errores
1384 3321 1572 3362 Michael.
1592 3322 1767 3363 Molinos
1783 3322 1879 3363 daia
1894 3323 1961 3363 die
1986 3329 2043 3365 19.
2057 3324 2174 3364 Febr.

319 3393 427 3430 1687.
447 3399 553 3439 quae
571 3388 738 3440 incipit:
765 3388 968 3429 coelestis
996 3390 1157 3428 Pastor
1180 3388 1289 3439 apud
1310 3387 1547 3440 d'Argentre
1563 3390 1956 3442 op.cit.tom.lll.p.
1971 3396 2043 3431 362
2058 3402 2171 3440 seqq.

311 3458 373 3495 Cs.
391 3456 488 3496 item
510 3455 671 3506 Bergier
694 3457 882 3496 Diclion.
897 3455 949 3495 de
968 3455 1151 3507 tlteoloq.
1170 3455 1219 3494 ad
1243 3467 1384 3496 vocem
1403 3456 1697 3497 Molmosisme
1718 3457 1787 3496 ubi
1809 3457 2003 3497 adversus
2024 3458 2175 3498 Moshc·

316 3524 442 3563 mium
463 3523 661 3565 eiusmodi
685 3523 988 3563 damnationem
1022 3522 1215 3562 vindicat.
