2320 4030
368 293 478 347 166
610 310 707 348 Lm.
748 309 825 347 111.
863 308 1005 348 sssc'r.
1045 310 1260 349 ΑιτΕιιΑ.
1300 312 1763 355 ῡΕῐΝῡ183.ΜΑΤη.
1794 318 1997 359 cumsr.

364 409 503 487 legis
534 420 587 466 et
616 405 888 484 evangelii
921 407 1220 467 inficiatur.
1251 407 1686 469 Concessionem
1720 412 1889 492 igitur
1921 416 2145 475 divortii
2179 418 2234 476 in

366 526 468 563 suo
498 503 802 586 exemplari
835 526 945 564 non
977 504 1176 564 habuit
1213 505 1611 566 Tertullianus,
1662 510 1790 569 Post
1828 533 1972 593 quae
2013 514 2239 574 conclu-

363 601 445 659 dit
466 600 614 679 Hug.
652 601 983 661 «Sufficiunt
1005 602 1114 661 hae
1138 602 1413 674 rationeS,
1446 617 1507 663 ut
1531 607 1910 687 exceptionem
1935 631 2059 691 cap.
2083 612 2229 669 XIX.

364 696 605 777 positam
652 711 938 779 tamquam
982 700 1425 759 additamentum
1458 701 1814 773 reiiciamus7
1866 706 2014 785 quod
2056 719 2242 786 poste-

364 794 476 852 rior
517 816 718 854 manus
767 795 995 854 invexit.
1032 821 1057 852 »
1111 797 1233 866 Qua
1277 819 1407 857 vero
1456 798 1671 858 ratione
1707 800 1983 859 eiusmodi
2027 801 2241 863 addita—

364 904 610 950 mentum
645 892 888 973 irrepere
935 894 1172 973 potuerit
1215 916 1500 975 exponens
1546 896 1664 954 ait:
1720 897 2050 956 «Lectorurn
2104 899 2242 958 forte

365 987 696 1068 quisquam,
738 1011 863 1047 cum
913 990 969 1047 in
1017 990 1170 1048 hunc
1214 990 1476 1050 Matthaei
1521 990 1701 1050 locum
1736 992 2055 1063 incidisset,
2092 994 2243 1053 vide-

365 1097 558 1166 retque
593 1085 968 1146 conditionem
1003 1086 1057 1144 in
1099 1086 1350 1146 oratione
1381 1087 1602 1146 Domini
1635 1088 1872 1147 adiitiali
1897 1111 2022 1170 cap.
2052 1089 2111 1147 V.
2139 1091 2233 1148 32.

361 1182 560 1242 lectam
602 1183 694 1243 hic
723 1184 958 1255 abesse,
1003 1185 1237 1243 miratus
1270 1184 1408 1266 quid
1449 1184 1526 1243 rei
1561 1185 1773 1257 subsit,
1820 1199 1915 1245 aut
1958 1209 2102 1268 quae
2144 1187 2243 1246 hu-

364 1280 453 1339 ius
492 1281 847 1354 vdiversitatis
901 1283 1042 1342 ratio
1101 1282 1259 1342 reddi
1303 1282 1525 1364 possit,
1571 1282 1908 1342 notationem
1962 1305 2061 1366 pro
2112 1306 2240 1344 con-

364 1377 662 1437 suetudine
703 1392 951 1438 veterum
995 1379 1260 1460 adposuit
1302 1378 1373 1436 ad
1419 1378 1725 1457 marginem
1756 1377 1919 1450 libri,
1956 1392 2016 1438 ut
2059 1379 2238 1439 locum

365 1472 661 1553 insigniret
705 1474 979 1554 peculiari
1026 1474 1333 1534 attentione
1377 1473 1634 1554 dignum.
1692 1475 1843 1533 Haec
1892 1475 2141 1535 coniecta
2186 1476 2235 1534 in

364 1571 674 1651 marginem
699 1573 1015 1633 observatio
1040 1623 1051 1645 ,
1082 1596 1208 1633 cum
1233 1573 1345 1632 illis
1371 1572 1466 1654 qui
1492 1584 1687 1653 postea
1718 1593 1782 1630 eo
1805 1570 1948 1636 libro
1970 1573 2058 1631 usi
2084 1587 2235 1644 sunt.‚

364 1669 773 1729 emendationis
798 1692 970 1730 causa
996 1671 1309 1752 adscripta,
1349 1683 1402 1729 et
1431 1691 1596 1730 voces
1630 1669 1686 1727 in
1718 1682 1974 1728 contextu
2005 1669 2241 1729 omissas

364 1763 628 1824 exhibere
656 1766 971 1839 videretur,
1009 1767 1266 1849 pluribus
1304 1767 1645 1848 pedetentim
1679 1766 1902 1837 addita,
1940 1779 1992 1825 et
2020 1766 2241 1825 tandem

365 1882 490 1918 cum
536 1883 680 1922 nova
723 1863 1062 1945 exemplaria
1114 1859 1555 1934 conficerentur,
1600 1885 1633 1922 a
1667 1863 1914 1923 librariis
1965 1863 2021 1921 in
2060 1863 2240 1923 media

364 1957 533 2017 verba
578 1960 802 2019 Domini
847 1961 1001 2020 illata
1049 1975 1133 2020 est
1173 1964 1279 2039 (6).
1316 1987 1343 2015 »

486 2054 591 2113 Alii
638 2057 875 2117 ulterius
920 2058 1206 2139 progressi
1253 2057 1599 2116 contendunt
1644 2056 1983 2137 colloquium
2036 2055 2241 2115 Christi

364 2175 490 2213 cum
515 2154 835 2235 pharisaeis
860 2154 1010 2234 apud
1042 2153 1237 2212 Matth.
1269 2153 1413 2211 XIX.
1447 2153 1688 2212 desiisse
1711 2151 1823 2211 illis
1846 2151 2055 2211 verbis:
2090 2151 2245 2222 Quod

367 2280 490 2339 erqo
535 2256 678 2313 Deus
723 2253 1011 2310 coniunoez't
1040 2252 1188 2309 homo
1234 2273 1339 2308 non
1382 2263 1622 2330 separet,
1661 2271 1860 2329 nempe
1892 2249 1948 2306 in
1978 2272 2030 2307 v.
2072 2252 2125 2308 6.
2166 2249 2244 2306 in—

366 2353 619 2422 clusive;
679 2349 932 2430 adeoque
978 2369 1066 2407 vv.
1118 2349 1172 2404 7.
1212 2350 1266 2404 8.
1315 2360 1368 2405 et
1413 2349 1467 2403 9.
1532 2346 1922 2428 supposititios
1969 2368 2119 2415 esse,
2178 2368 2242 2404 ac

365 2452 550 2535 primo
585 2449 642 2507 in
673 2445 966 2525 evangelia
990 2444 1198 2526 quibus
1231 2443 1490 2503 nazaraei
1523 2443 1800 2503 ebionitae
1825 2457 1878 2502 et
1909 2442 2239 2501 cerinthiani

362 2549 664 2610 utebantur
694 2543 1013 2625 irrepsisse.
1052 2541 1353 2601 Paulusius
1387 2540 1886 2620 Heidelbergensis
1920 2539 2241 2618 suspicatus

365 2659 450 2707 est
492 2644 663 2706 verba
708 2641 905 2701 saltem
952 2661 1095 2722 quae
1141 2652 1394 2721 prostant
1437 2661 1489 2699 v.
1543 2640 1598 2695 9.
1666 2656 1767 2693 και
1823 2627 1851 2691 ὁ
1919 2624 2242 2691 ἀπολελυ-

358 2732 546 2822 μένην
577 2726 762 2821 γαμή
770 2757 881 2803 σας
922 2755 1245 2816 αοιχαται
1272 2779 1285 2804 ‚
1333 2749 1383 2794 et
1412 2759 1507 2816 qm
1502 2734 1815 2793 cli'mzssam
1840 2732 2063 2791 dumerzt
2103 2754 2241 2790 moe-

366 2842 559 2899 chatur
593 2836 774 2896 serius
819 2834 991 2893 textui
1032 2834 1210 2894 fuisse
1259 2834 1503 2904 inserta,
1554 2854 1619 2891 eo
1661 2830 1811 2913 quod
1859 2830 1914 2887 in
1954 2829 2241 2911 plerisque

366 2934 655 2996 codicibus
696 2932 1116 3002 desiderentur3
1155 2952 1254 3013 pro
1284 2929 1470 2990 verbis
1503 2941 1690 2988 autem
1722 2948 1803 3003 μη
1839 2915 1933 2983 ἔπι
1986 2921 2240 3007 πορνείᾳ

371 3036 579 3113 (prout
617 3030 740 3110 ipse
774 3027 1034 3107 legebat)
1083 3027 1255 3087 verba
1286 3015 1612 3108 «παρεκτὸς
1662 3011 1876 3106 λόγου
1932 3017 2238 3104 (πορνείας

366 3130 546 3189 fuisse
589 3126 893 3186 substituta
929 3126 1037 3201 (7)

485 3224 594 3282 Alii
632 3222 797 3282 etiam
844 3219 1016 3280 verba
1061 3219 1255 3278 Matth.
1294 3219 1354 3276 V.
1396 3219 1492 3276 32.
1532 3230 1586 3276 et
1614 3218 1757 3274 XIX.
1790 3219 1853 3296 9·
1902 3217 1975 3273 Et
2021 3217 2118 3295 qui
2155 3214 2241 3272 di-

366 3324 592 3381 missam
634 3319 888 3386 duoeerit,
939 3316 1215 3375 adulterat
1259 3313 1594 3396 interpolata
1638 3313 1813 3372 fuisse
1853 3311 2235 3382 crediderunt,

368 3421 512 3479 inter
540 3439 686 3500 quos
719 3413 1018 3494 Gregorius
1051 3413 1271 3495 Mayer,
1313 3411 1409 3492 qui
1442 3410 1662 3470 censuit
1692 3408 1860 3469 verba
1892 3409 2058 3469 citata
2089 3429 2119 3466 e
2148 3428 2241 3466 co-

510 3573 565 3623 (6)
592 3574 639 3612 In
660 3582 726 3623 op.
746 3571 815 3611 cit.
840 3570 877 3622 §.
905 3575 941 3610 2.
969 3580 1059 3621 pag.
1087 3574 1123 3609 8.
1146 3570 1186 3608 et
1206 3574 1243 3608 9.

505 3639 561 3690 (7)
586 3637 702 3690 Apud
725 3636 963 3686 Roskovany
984 3647 1049 3687 op.
1073 3635 1142 3675 cit.
1170 3634 1207 3685 ξ.
1229 3638 1292 3674 78.
1320 3645 1357 3685 p.
1391 3639 1472 3673 129.
