2320 4030
379 225 450 282 46
658 244 757 282 Lm.
796 242 872 281 111,
910 240 1051 280 SECT.
1090 241 1127 278 Ι.
1165 240 1230 279 DE
1261 242 1418 280 MATR.
1447 242 1648 283 Cflnlsr.
1682 245 1919 287 UNITATE.

376 342 526 402 viros
573 340 703 399 data
745 338 1065 408 occasione,
1115 339 1251 420 quin
1298 341 1557 401 revelatio
1587 356 1679 401 aut
1709 344 2003 425 inspiratio
2035 371 2222 430 requi-

376 451 603 504 reretur,
641 448 735 493 aut
765 445 1175 513 expectaretur,
1215 456 1276 494 se
1306 436 1564 517 pluribus
1595 440 1862 500 uxoribus
1904 446 2227 505 coniunxis-⁶

374 556 454 594 se.
491 532 676 590 Laban
721 529 922 589 obtulit
965 531 1130 591 Iacob
1160 531 1217 590 in
1247 534 1571 613 coniugium
1613 537 1818 596 Rachel
1864 554 1991 619 post
2035 542 2219 612 Liam,

372 650 554 710 neque
598 625 764 686 Iacob
808 627 942 686 huic
985 628 1199 688 obstitit
1240 632 1606 711 propositioni
1651 656 1831 715 neque
1875 635 1932 693 id
1972 636 2225 697 illicitum

370 746 497 785 esse
541 723 791 805 reposuit
825 726 1012 803 (115).
1048 725 1228 785 David
1273 728 1495 805 cognita
1537 743 1712 788 morte
1742 731 1951 803 Nabal,
1999 733 2226 793 viduam

370 821 490 880 eius
534 819 751 898 Abigail
798 820 956 901 petiit
985 821 1055 879 ad
1093 822 1349 903 nuptiaS,
1386 824 1526 904 quin
1571 838 1755 884 tamen
1788 828 2229 907 prudentissima

371 916 615 975 foemina
657 915 950 996 quidpiam
995 931 1288 996 regereret.
1327 918 1475 988 Quid
1507 920 1715 1001 plura?
1736 923 1938 982 Esther
1968 926 2228 1005 coniugio

368 1012 605 1072 traditur
647 1033 680 1070 a
721 1012 1090 1072 Mardochaeo
1135 1014 1249 1092 regi
1280 1014 1558 1088 Assuero,
1597 1018 1693 1098 qui
1721 1031 1904 1079 tamen
1936 1022 2007 1079 ad
2048 1045 2229 1103 popu-

368 1110 484 1169 lum
513 1108 614 1168 Dei
646 1109 892 1189 profecto
923 1131 1033 1168 non
1067 1110 1405 1190 pertinebat,
1442 1112 1655 1193 quique
1685 1114 1796 1172 iam
1821 1137 1946 1174 cum
1972 1117 2228 1199 pluribus

367 1205 493 1264 aliis
537 1204 806 1264 uxoribus
854 1205 1074 1264 iunctus
1119 1219 1266 1276 erat,
1317 1220 1371 1266 et
1414 1208 1491 1266 ita
1535 1230 1719 1290 porro.

488 1302 599 1360 Nec
643 1301 821 1360 sancti
866 1314 1054 1382 patres
1099 1301 1407 1383 aliquando
1453 1304 1523 1362 de
1555 1305 1834 1365 eiusmodi
1867 1309 1988 1367 sive
2018 1310 2230 1369 revela-

369 1398 517 1458 tione
548 1397 666 1477 siye
696 1396 1063 1479 inspiratione
1092 1398 1283 1458 divina
1315 1400 1609 1481 quidpiam
1636 1403 1907 1483 suspicati
1937 1419 2097 1477 sunt,
2129 1407 2227 1465 sed

368 1493 621 1553 absolute
652 1515 823 1574 penes
854 1507 1068 1553 veteres
1095 1494 1470 1576 polygamiam
1496 1497 1831 1577 permissam
1856 1500 2221 1571 tradiderunt,

366 1592 536 1649 immo
586 1590 753 1649 etiam
806 1591 1221 1671 quodammodo
1278 1593 1639 1653 insinuatam.
1679 1594 1908 1656 Constat
1962 1598 2113 1656 enim
2166 1621 2229 1657 ex

367 1687 553 1747 allatis
596 1686 933 1746 testimoniis
978 1688 1382 1747 Tertullianum
1420 1690 1634 1750 dixisse
1677 1693 1827 1773 quod
1878 1693 2029 1753 hunc
2074 1695 2232 1777 poly—

365 1784 586 1864 gamiae
631 1782 884 1842 ordinem
936 1797 1064 1843 ante
1108 1784 1475 1864 Evangelium
1527 1790 1888 1846 necessarium
1929 1791 2039 1869 suit
2079 1793 2231 1849 insti—

366 1894 508 1940 tuere
528 1905 545 1951 ,·
580 1880 919 1939 Clementem
963 1880 1107 1939 alex.
1145 1882 1459 1942 affirmasse
1490 1883 1643 1942 illam
1675 1907 1708 1942 a
1738 1885 1846 1942 Deo
1877 1888 2220 1964 permissam,

364 1990 418 2037 et
460 1976 609 2058 quod
652 1977 803 2034 Deus
848 1973 907 2033 id·
949 1977 1201 2056 eaeiqebat
1230 1979 1446 2058 quando
1477 1980 1755 2059 oportebat
1785 1983 1977 2061 auqeri
2004 1995 2053 2039 et
2087 1984 2229 2040 mul-

368 2074 637 2155 tiplicari;
672 2072 1136 2153 Chrysostomum
1180 2087 1236 2133 et
1278 2075 1688 2135 Theodoretum
1734 2077 1949 2158 absque
1992 2079 2227 2160 ambage

364 2169 665 2251 scripsisse
718 2171 887 2251 fuisse
934 2172 1288 2250 permissam;
1339 2195 1385 2232 s.
1432 2173 1834 2256 Hieronymum
1887 2177 2124 2255 viquisse
2172 2178 2226 2235 vi

365 2265 518 2326 illius
564 2266 903 2337 sententiae,
954 2269 1171 2325 crescite
1215 2281 1264 2325 et
1307 2269 1757 2349 multiplicamini
1806 2270 2053 2350 prolatae
2110 2286 2224 2331 tum

364 2376 491 2422 ante
514 2376 627 2423 tum
655 2374 782 2443 post
807 2362 1111 2434 diluvium;
1142 2386 1187 2422 s.
1209 2363 1584 2443 Augustinum
1607 2367 1921 2426 asseruisse
1943 2367 2224 2427 Abraham

362 2460 505 2518 nihil
545 2472 731 2518 contra
773 2481 943 2517 mores
986 2472 1036 2516 et
1071 2473 1362 2541 praecepta
1405 2461 1638 2533 fecisse,
1674 2484 1739 2521 eo
1783 2464 1933 2544 quod
1978 2486 2088 2522 mos
2133 2467 2225 2523 ille

364 2556 694 2627 obtinuerit,
743 2570 797 2615 et
837 2556 994 2615 nulla
1042 2558 1152 2636 leqe
1188 2558 1583 2637 prohiberetur.

488 2652 648 2722 Quod
694 2653 742 2711 si
788 2651 942 2711 nulla
985 2665 1177 2712 contra
1208 2653 1587 2734 polygamiam
1626 2656 1900 2715 existebat
1942 2657 2028 2714 lex
2073 2658 2225 2738 posi-

364 2750 508 2820 tiva,
559 2750 606 2809 si
653 2772 775 2809 eam
832 2749 1064 2830 insuper
1115 2750 1336 2829 exigere
1389 2751 1684 2811 videbatur
1735 2754 2218 2834 (quodammodo)

363 2859 721 2926 praeceptum
745 2846 815 2905 de
838 2846 1071 2904 humani
1096 2848 1317 2926 generis
1345 2848 1808 2929 multiplicatione
1825 2850 1882 2907 in
1901 2850 2013 2908 illis
2028 2851 2221 2908 mundi

365 2940 687 3020 primordiis
720 2964 787 2999 ex
818 2942 1072 3001 doctrina
1105 2958 1358 3023 patrum,
1397 2967 1507 3003 non
1538 2946 1702 3005 video
1733 2968 1873 3027 opus
1905 2946 2080 3004 fuisse
2122 2947 2226 3004 ali—

362 3059 476 3117 qua
519 3037 711 3095 divina
758 3037 1093 3097 revelatione
1144 3053 1240 3097 aut
1292 3040 1687 3119 inspiratione,
1737 3054 1798 3099 ut
1839 3041 2033 3099 eadem
2075 3041 2225 3101 licite

364 3133 826 3215 frequentaretur.
867 3134 1027 3204 Quod
1074 3135 1121 3193 si
1168 3157 1214 3193 s.
1253 3135 1602 3214 Augustinus
1649 3137 1855 3195 alicubi
1909 3137 2104 3196 scribit
2156 3139 2225 3197 de

362 3229 644 3288 Abraham
665 3231 819 3289 «Non
866 3251 999 3289 suae
1044 3230 1252 3289 carnali
1299 3231 1592 3311 cupiditati
1638 3235 1836 3305 cessit,
1889 3234 1987 3292 sed
2031 3235 2226 3293 coniu-

363 3324 475 3402 gali
510 3325 767 3406 potestati
800 3325 1227 3406 obtemperavit;
1267 3326 1483 3384 credens
1517 3328 1609 3385 hoc
1642 3330 1838 3386 Saram
1868 3351 1936 3386 eae
1960 3330 2064 3386 Dei
2091 3343 2224 3387 nutu

365 3421 621 3489 voluisse,
675 3421 770 3502 qui
818 3421 927 3479 iam
980 3443 1044 3479 ex
1091 3443 1150 3480 se
1196 3422 1320 3502 ipso
1374 3422 1450 3479 illi
1507 3423 1801 3481 haeredem
1857 3425 2216 3503 promiserat.

485 3547 593 3594 (115)
626 3546 727 3585 ibid.
753 3548 876 3585 xxx.
901 3551 963 3585 27.
