<?xml version="1.0" encoding="UTF-8"?>
<!DOCTYPE html PUBLIC "-//W3C//DTD XHTML 1.0 Transitional//EN"
    "http://www.w3.org/TR/xhtml1/DTD/xhtml1-transitional.dtd">
<html xmlns="http://www.w3.org/1999/xhtml" xml:lang="en" lang="en">
 <head>
  <title>
</title>
<meta http-equiv="Content-Type" content="text/html;charset=utf-8" />
  <meta name='ocr-system' content='tesseract 3.04.00' />
  <meta name='ocr-capabilities' content='ocr_page ocr_carea ocr_par ocr_line ocrx_word'/>
</head>
<body>
  <div class='ocr_page' id='page_1' title='image "a603380703perruoft_0053.png"; bbox 0 0 2320 4030; ppageno 0'>
   <div class='ocr_carea' id='block_1_1' title="bbox 420 238 1919 307">
    <p class='ocr_par' dir='ltr' id='par_1_1' title="bbox 420 238 1919 307">
     <span class='ocr_line' id='line_1_1' title="bbox 420 238 1919 307; baseline -0.009 0"><span class='ocrx_word' id='word_1_1' title='bbox 420 267 531 307; x_wconf 77' lang='lat' dir='ltr'>CAP.</span> <span class='ocrx_word' id='word_1_2' title='bbox 560 267 595 305; x_wconf 90' lang='lat'>1.</span> <span class='ocrx_word' id='word_1_3' title='bbox 626 267 688 304; x_wconf 86' lang='lat' dir='ltr'>DE</span> <span class='ocrx_word' id='word_1_4' title='bbox 723 264 1009 304; x_wconf 80' lang='lat' dir='ltr'><strong>POLYGAMIA</strong></span> <span class='ocrx_word' id='word_1_5' title='bbox 1039 261 1359 302; x_wconf 79' lang='lat' dir='ltr'><strong>SIMULTANEA</strong></span> <span class='ocrx_word' id='word_1_6' title='bbox 1388 260 1502 298; x_wconf 77' lang='grc' dir='ltr'><strong>ΛΒΤ.</strong></span> <span class='ocrx_word' id='word_1_7' title='bbox 1532 259 1607 298; x_wconf 89' lang='lat'><em>111.</em></span> <span class='ocrx_word' id='word_1_8' title='bbox 1851 238 1919 293; x_wconf 73' lang='grc'>49</span> 
     </span>
    </p>
   </div>
   <div class='ocr_carea' id='block_1_2' title="bbox 102 354 1940 1663">
    <p class='ocr_par' dir='ltr' id='par_1_2' title="bbox 102 354 1926 819">
     <span class='ocr_line' id='line_1_2' title="bbox 102 354 1922 435; baseline -0.008 -12"><span class='ocrx_word' id='word_1_9' title='bbox 102 361 415 432; x_wconf 81' lang='lat' dir='ltr'>obtinebat,</span> <span class='ocrx_word' id='word_1_10' title='bbox 452 362 622 420; x_wconf 87' lang='lat' dir='ltr'>fuisse</span> <span class='ocrx_word' id='word_1_11' title='bbox 667 371 902 419; x_wconf 91' lang='lat' dir='ltr'>secutos.</span> <span class='ocrx_word' id='word_1_12' title='bbox 950 356 1428 435; x_wconf 88' lang='lat' dir='ltr'>Deprehendimus</span> <span class='ocrx_word' id='word_1_13' title='bbox 1464 354 1615 412; x_wconf 88' lang='lat' dir='ltr'>illam</span> <span class='ocrx_word' id='word_1_14' title='bbox 1659 364 1849 433; x_wconf 87' lang='lat' dir='ltr'>postea</span> <span class='ocrx_word' id='word_1_15' title='bbox 1889 374 1922 409; x_wconf 90' lang='lat' dir='ltr'>a</span> 
     </span>
     <span class='ocr_line' id='line_1_3' title="bbox 106 449 1923 537; baseline -0.006 -23"><span class='ocrx_word' id='word_1_16' title='bbox 106 459 291 537; x_wconf 82' lang='lat' dir='ltr'>Moyse</span> <span class='ocrx_word' id='word_1_17' title='bbox 334 457 455 536; x_wconf 92' lang='lat' dir='ltr'>ipso</span> <span class='ocrx_word' id='word_1_18' title='bbox 499 456 671 517; x_wconf 85' lang='lat' dir='ltr'>fuisse</span> <span class='ocrx_word' id='word_1_19' title='bbox 712 454 769 510; x_wconf 92' lang='lat' dir='ltr'>in</span> <span class='ocrx_word' id='word_1_20' title='bbox 811 451 930 529; x_wconf 77' lang='lat' dir='ltr'>lege</span> <span class='ocrx_word' id='word_1_21' title='bbox 970 452 1256 518; x_wconf 80' lang='lat' dir='ltr'><em>sancitam,</em></span> <span class='ocrx_word' id='word_1_22' title='bbox 1307 450 1402 530; x_wconf 90' lang='lat' dir='ltr'>qui</span> <span class='ocrx_word' id='word_1_23' title='bbox 1446 449 1661 527; x_wconf 82' lang='lat' dir='ltr'>regulas</span> <span class='ocrx_word' id='word_1_24' title='bbox 1713 459 1923 505; x_wconf 87' lang='lat' dir='ltr'>tantum</span> 
     </span>
     <span class='ocr_line' id='line_1_4' title="bbox 105 542 1926 631; baseline -0.004 -23"><span class='ocrx_word' id='word_1_25' title='bbox 105 550 431 631; x_wconf 87' lang='lat' dir='ltr'>praescribit</span> <span class='ocrx_word' id='word_1_26' title='bbox 471 550 540 608; x_wconf 93' lang='lat' dir='ltr'>ad</span> <span class='ocrx_word' id='word_1_27' title='bbox 582 549 701 607; x_wconf 91' lang='lat' dir='ltr'>eius</span> <span class='ocrx_word' id='word_1_28' title='bbox 744 545 978 605; x_wconf 89' lang='lat' dir='ltr'>abusum</span> <span class='ocrx_word' id='word_1_29' title='bbox 1020 545 1458 624; x_wconf 88' lang='lat' dir='ltr'>praecavendum</span> <span class='ocrx_word' id='word_1_30' title='bbox 1500 545 1685 621; x_wconf 74' lang='lat'>(126).</span> <span class='ocrx_word' id='word_1_31' title='bbox 1719 542 1926 621; x_wconf 89' lang='lat' dir='ltr'>Depre—</span> 
     </span>
     <span class='ocr_line' id='line_1_5' title="bbox 106 636 1919 722; baseline -0.004 -20"><span class='ocrx_word' id='word_1_32' title='bbox 106 644 402 702; x_wconf 90' lang='lat' dir='ltr'>hendimus</span> <span class='ocrx_word' id='word_1_33' title='bbox 444 654 627 722; x_wconf 90' lang='lat' dir='ltr'>patres</span> <span class='ocrx_word' id='word_1_34' title='bbox 669 660 859 699; x_wconf 88' lang='lat' dir='ltr'>omnes</span> <span class='ocrx_word' id='word_1_35' title='bbox 902 637 1205 696; x_wconf 87' lang='lat' dir='ltr'>contrariae</span> <span class='ocrx_word' id='word_1_36' title='bbox 1236 637 1538 696; x_wconf 87' lang='lat' dir='ltr'>sententiae</span> <span class='ocrx_word' id='word_1_37' title='bbox 1567 636 1919 708; x_wconf 75' lang='lat' dir='ltr'>adhaesisse,</span> 
     </span>
     <span class='ocr_line' id='line_1_6' title="bbox 107 732 1362 819; baseline -0.007 -22"><span class='ocrx_word' id='word_1_38' title='bbox 107 739 258 819; x_wconf 90' lang='lat' dir='ltr'>quod</span> <span class='ocrx_word' id='word_1_39' title='bbox 302 760 403 796; x_wconf 92' lang='lat' dir='ltr'>nec</span> <span class='ocrx_word' id='word_1_40' title='bbox 445 734 744 796; x_wconf 88' lang='lat' dir='ltr'>adversarii</span> <span class='ocrx_word' id='word_1_41' title='bbox 788 732 1144 792; x_wconf 87' lang='lat' dir='ltr'>dissimulant</span> <span class='ocrx_word' id='word_1_42' title='bbox 1178 733 1362 809; x_wconf 79' lang='lat'>(127).</span> 
     </span>
    </p>

    <p class='ocr_par' dir='ltr' id='par_1_3' title="bbox 108 824 1933 1378">
     <span class='ocr_line' id='line_1_7' title="bbox 226 824 1930 910; baseline -0.004 -19"><span class='ocrx_word' id='word_1_43' title='bbox 226 832 474 891; x_wconf 84' lang='lat' dir='ltr'>Ceterum</span> <span class='ocrx_word' id='word_1_44' title='bbox 518 850 662 910; x_wconf 91' lang='lat' dir='ltr'>quae</span> <span class='ocrx_word' id='word_1_45' title='bbox 691 850 790 908; x_wconf 90' lang='lat' dir='ltr'>pro</span> <span class='ocrx_word' id='word_1_46' title='bbox 824 826 1097 887; x_wconf 87' lang='lat' dir='ltr'>contraria</span> <span class='ocrx_word' id='word_1_47' title='bbox 1127 825 1398 884; x_wconf 90' lang='lat' dir='ltr'>sententia</span> <span class='ocrx_word' id='word_1_48' title='bbox 1428 824 1707 884; x_wconf 86' lang='lat' dir='ltr'>adducunt</span> <span class='ocrx_word' id='word_1_49' title='bbox 1744 837 1930 884; x_wconf 88' lang='lat' dir='ltr'>aucto-</span> 
     </span>
     <span class='ocr_line' id='line_1_8' title="bbox 110 919 1931 1003; baseline -0.003 -21"><span class='ocrx_word' id='word_1_50' title='bbox 110 947 196 985; x_wconf 85' lang='lat' dir='ltr'>res</span> <span class='ocrx_word' id='word_1_51' title='bbox 237 925 305 983; x_wconf 90' lang='lat' dir='ltr'>de</span> <span class='ocrx_word' id='word_1_52' title='bbox 346 922 549 1003; x_wconf 87' lang='lat' dir='ltr'>quibus</span> <span class='ocrx_word' id='word_1_53' title='bbox 592 922 805 1000; x_wconf 77' lang='lat' dir='ltr'>agimus</span> <span class='ocrx_word' id='word_1_54' title='bbox 835 944 901 980; x_wconf 85' lang='lat' dir='ltr'>ex</span> <span class='ocrx_word' id='word_1_55' title='bbox 942 920 1293 979; x_wconf 66' lang='lat' dir='ltr'>Matthxlx.</span> <span class='ocrx_word' id='word_1_56' title='bbox 1317 941 1382 977; x_wconf 84' lang='lat' dir='ltr'>ex</span> <span class='ocrx_word' id='word_1_57' title='bbox 1425 919 1589 978; x_wconf 90' lang='lat' dir='ltr'>trium</span> <span class='ocrx_word' id='word_1_58' title='bbox 1620 942 1755 978; x_wconf 90' lang='lat' dir='ltr'>rom.</span> <span class='ocrx_word' id='word_1_59' title='bbox 1793 941 1931 999; x_wconf 90' lang='lat' dir='ltr'>pon-</span> 
     </span>
     <span class='ocr_line' id='line_1_9' title="bbox 108 1013 1924 1095; baseline -0.003 -19"><span class='ocrx_word' id='word_1_60' title='bbox 108 1019 315 1077; x_wconf 87' lang='lat' dir='ltr'>tific-um</span> <span class='ocrx_word' id='word_1_61' title='bbox 363 1015 761 1085; x_wconf 82' lang='lat' dir='ltr'>decretalibuS,</span> <span class='ocrx_word' id='word_1_62' title='bbox 820 1027 983 1095; x_wconf 91' lang='lat' dir='ltr'>atque</span> <span class='ocrx_word' id='word_1_63' title='bbox 1032 1036 1098 1073; x_wconf 79' lang='lat' dir='ltr'>ex</span> <span class='ocrx_word' id='word_1_64' title='bbox 1145 1034 1299 1072; x_wconf 90' lang='lat' dir='ltr'>conc.</span> <span class='ocrx_word' id='word_1_65' title='bbox 1348 1013 1643 1072; x_wconf 88' lang='lat' dir='ltr'>tridentino</span> <span class='ocrx_word' id='word_1_66' title='bbox 1695 1013 1924 1093; x_wconf 87' lang='lat' dir='ltr'>optime,</span> 
     </span>
     <span class='ocr_line' id='line_1_10' title="bbox 109 1108 1933 1190; baseline -0.003 -21"><span class='ocrx_word' id='word_1_67' title='bbox 109 1125 170 1170; x_wconf 91' lang='lat' dir='ltr'>ut</span> <span class='ocrx_word' id='word_1_68' title='bbox 197 1111 467 1180; x_wconf 79' lang='lat' dir='ltr'>vidimUS‚</span> <span class='ocrx_word' id='word_1_69' title='bbox 505 1110 758 1190; x_wconf 89' lang='lat' dir='ltr'>componi</span> <span class='ocrx_word' id='word_1_70' title='bbox 790 1120 1022 1189; x_wconf 87' lang='lat' dir='ltr'>possunt</span> <span class='ocrx_word' id='word_1_71' title='bbox 1050 1130 1172 1167; x_wconf 92' lang='lat' dir='ltr'>cum</span> <span class='ocrx_word' id='word_1_72' title='bbox 1206 1120 1423 1188; x_wconf 88' lang='lat' dir='ltr'>patrum</span> <span class='ocrx_word' id='word_1_73' title='bbox 1452 1108 1737 1178; x_wconf 88' lang='lat' dir='ltr'>doctrina,</span> <span class='ocrx_word' id='word_1_74' title='bbox 1772 1108 1933 1165; x_wconf 91' lang='lat' dir='ltr'>dum-</span> 
     </span>
     <span class='ocr_line' id='line_1_11' title="bbox 111 1202 1932 1286; baseline -0.003 -22"><span class='ocrx_word' id='word_1_75' title='bbox 111 1206 270 1264; x_wconf 89' lang='lat' dir='ltr'>modo</span> <span class='ocrx_word' id='word_1_76' title='bbox 313 1227 443 1286; x_wconf 90' lang='lat' dir='ltr'>prae</span> <span class='ocrx_word' id='word_1_77' title='bbox 487 1204 661 1263; x_wconf 91' lang='lat' dir='ltr'>oculis</span> <span class='ocrx_word' id='word_1_78' title='bbox 705 1203 1012 1261; x_wconf 82' lang='lat' dir='ltr'>habeantur</span> <span class='ocrx_word' id='word_1_79' title='bbox 1053 1215 1162 1261; x_wconf 88' lang='lat' dir='ltr'>tres</span> <span class='ocrx_word' id='word_1_80' title='bbox 1206 1202 1737 1271; x_wconf 85' lang='lat' dir='ltr'>animadversioneS,</span> <span class='ocrx_word' id='word_1_81' title='bbox 1794 1222 1932 1281; x_wconf 92' lang='lat' dir='ltr'>quas</span> 
     </span>
     <span class='ocr_line' id='line_1_12' title="bbox 109 1296 1119 1378; baseline -0.002 -23"><span class='ocrx_word' id='word_1_82' title='bbox 109 1299 239 1357; x_wconf 89' lang='lat' dir='ltr'>huic</span> <span class='ocrx_word' id='word_1_83' title='bbox 280 1296 668 1378; x_wconf 77' lang='lat' dir='ltr'>disceptationi</span> <span class='ocrx_word' id='word_1_84' title='bbox 711 1296 1119 1378; x_wconf 86' lang='lat' dir='ltr'>praemisimus.</span> 
     </span>
    </p>

    <p class='ocr_par' dir='ltr' id='par_1_4' title="bbox 110 1391 1940 1663">
     <span class='ocr_line' id='line_1_13' title="bbox 231 1391 1926 1472; baseline -0.002 -21"><span class='ocrx_word' id='word_1_85' title='bbox 231 1397 343 1454; x_wconf 91' lang='lat' dir='ltr'>lmo</span> <span class='ocrx_word' id='word_1_86' title='bbox 388 1416 496 1453; x_wconf 91' lang='lat' dir='ltr'>non</span> <span class='ocrx_word' id='word_1_87' title='bbox 542 1414 703 1471; x_wconf 76' lang='lat' dir='ltr'>aegre</span> <span class='ocrx_word' id='word_1_88' title='bbox 745 1392 1093 1472; x_wconf 85' lang='lat' dir='ltr'>componitur</span> <span class='ocrx_word' id='word_1_89' title='bbox 1123 1413 1246 1450; x_wconf 92' lang='lat' dir='ltr'>cum</span> <span class='ocrx_word' id='word_1_90' title='bbox 1277 1392 1548 1451; x_wconf 89' lang='lat' dir='ltr'>sententia</span> <span class='ocrx_word' id='word_1_91' title='bbox 1584 1391 1926 1460; x_wconf 83' lang='lat' dir='ltr'>Bellarmini,</span> 
     </span>
     <span class='ocr_line' id='line_1_14' title="bbox 110 1485 1937 1569; baseline -0.002 -22"><span class='ocrx_word' id='word_1_92' title='bbox 110 1490 205 1569; x_wconf 87' lang='lat' dir='ltr'>qui</span> <span class='ocrx_word' id='word_1_93' title='bbox 250 1511 373 1569; x_wconf 92' lang='lat' dir='ltr'>cap.</span> <span class='ocrx_word' id='word_1_94' title='bbox 407 1489 501 1546; x_wconf 81' lang='lat' dir='ltr'>xl.</span> <span class='ocrx_word' id='word_1_95' title='bbox 540 1486 817 1546; x_wconf 87' lang='lat' dir='ltr'>contendit</span> <span class='ocrx_word' id='word_1_96' title='bbox 856 1499 1067 1545; x_wconf 87' lang='lat' dir='ltr'>veteres</span> <span class='ocrx_word' id='word_1_97' title='bbox 1111 1486 1452 1566; x_wconf 87' lang='lat' dir='ltr'>patriarchas</span> <span class='ocrx_word' id='word_1_98' title='bbox 1506 1485 1654 1544; x_wconf 91' lang='lat' dir='ltr'>licite</span> <span class='ocrx_word' id='word_1_99' title='bbox 1708 1485 1937 1566; x_wconf 82' lang='lat' dir='ltr'>polyga-</span> 
     </span>
     <span class='ocr_line' id='line_1_15' title="bbox 117 1580 1940 1663; baseline -0.003 -22"><span class='ocrx_word' id='word_1_100' title='bbox 117 1584 280 1643; x_wconf 89' lang='lat' dir='ltr'>miam</span> <span class='ocrx_word' id='word_1_101' title='bbox 326 1584 812 1663; x_wconf 84' lang='lat' dir='ltr'>frequentasse-ex</span> <span class='ocrx_word' id='word_1_102' title='bbox 857 1581 1277 1662; x_wconf 87' lang='lat' dir='ltr'>dispensatione·</span> <span class='ocrx_word' id='word_1_103' title='bbox 1301 1603 1467 1661; x_wconf 89' lang='lat' dir='ltr'>quam</span> <span class='ocrx_word' id='word_1_104' title='bbox 1506 1580 1819 1639; x_wconf 89' lang='lat' dir='ltr'>hahuerunt</span> <span class='ocrx_word' id='word_1_105' title='bbox 1845 1602 1940 1659; x_wconf 76' lang='lat' dir='ltr'>per</span> 
     </span>
    </p>
   </div>
   <div class='ocr_carea' id='block_1_3' title="bbox 110 1787 1957 3545">
    <p class='ocr_par' dir='ltr' id='par_1_5' title="bbox 110 1787 1953 3013">
     <span class='ocr_line' id='line_1_16' title="bbox 233 1787 1939 1840; baseline -0.002 -11"><span class='ocrx_word' id='word_1_106' title='bbox 233 1790 338 1840; x_wconf 85' lang='lat'>(126)</span> <span class='ocrx_word' id='word_1_107' title='bbox 364 1789 456 1829; x_wconf 83' lang='lat' dir='ltr'>Dixi</span> <span class='ocrx_word' id='word_1_108' title='bbox 475 1800 498 1828; x_wconf 86' lang='lat' dir='ltr'>a</span> <span class='ocrx_word' id='word_1_109' title='bbox 517 1790 652 1839; x_wconf 85' lang='lat' dir='ltr'>Moyse</span> <span class='ocrx_word' id='word_1_110' title='bbox 683 1788 804 1828; x_wconf 81' lang='lat' dir='ltr'>fuisse</span> <span class='ocrx_word' id='word_1_111' title='bbox 828 1787 1097 1839; x_wconf 86' lang='lat' dir='ltr'>polygamiam</span> <span class='ocrx_word' id='word_1_112' title='bbox 1137 1787 1365 1839; x_wconf 86' lang='lat' dir='ltr'>probatam,</span> <span class='ocrx_word' id='word_1_113' title='bbox 1398 1788 1447 1828; x_wconf 87' lang='lat' dir='ltr'>de</span> <span class='ocrx_word' id='word_1_114' title='bbox 1474 1799 1555 1839; x_wconf 91' lang='lat' dir='ltr'>quo</span> <span class='ocrx_word' id='word_1_115' title='bbox 1583 1788 1740 1829; x_wconf 91' lang='lat' dir='ltr'>nullum</span> <span class='ocrx_word' id='word_1_116' title='bbox 1770 1787 1939 1827; x_wconf 84' lang='lat' dir='ltr'>dubium</span> 
     </span>
     <span class='ocr_line' id='line_1_17' title="bbox 110 1852 1944 1906; baseline -0.002 -10"><span class='ocrx_word' id='word_1_117' title='bbox 110 1867 195 1896; x_wconf 84' lang='lat' dir='ltr'>esse</span> <span class='ocrx_word' id='word_1_118' title='bbox 231 1856 374 1906; x_wconf 83' lang='lat' dir='ltr'>potest.</span> <span class='ocrx_word' id='word_1_119' title='bbox 407 1857 493 1894; x_wconf 87' lang='lat' dir='ltr'>Non</span> <span class='ocrx_word' id='word_1_120' title='bbox 521 1853 667 1894; x_wconf 87' lang='lat' dir='ltr'>desunt</span> <span class='ocrx_word' id='word_1_121' title='bbox 690 1855 844 1903; x_wconf 87' lang='lat' dir='ltr'>tamen,</span> <span class='ocrx_word' id='word_1_122' title='bbox 871 1854 943 1904; x_wconf 92' lang='lat' dir='ltr'>qui</span> <span class='ocrx_word' id='word_1_123' title='bbox 965 1853 1209 1894; x_wconf 83' lang='lat' dir='ltr'>contendant</span> <span class='ocrx_word' id='word_1_124' title='bbox 1238 1856 1450 1904; x_wconf 85' lang='lat' dir='ltr'>postremis</span> <span class='ocrx_word' id='word_1_125' title='bbox 1484 1854 1666 1894; x_wconf 88' lang='lat' dir='ltr'>iudaicae</span> <span class='ocrx_word' id='word_1_126' title='bbox 1701 1852 1944 1904; x_wconf 87' lang='lat' dir='ltr'>reipublicae</span> 
     </span>
     <span class='ocr_line' id='line_1_18' title="bbox 116 1919 1942 1973; baseline -0.002 -12"><span class='ocrx_word' id='word_1_127' title='bbox 116 1921 361 1973; x_wconf 81' lang='lat' dir='ltr'>temporibus</span> <span class='ocrx_word' id='word_1_128' title='bbox 380 1921 503 1960; x_wconf 90' lang='lat' dir='ltr'>etiam</span> <span class='ocrx_word' id='word_1_129' title='bbox 523 1920 631 1971; x_wconf 80' lang='lat' dir='ltr'>apud</span> <span class='ocrx_word' id='word_1_130' title='bbox 658 1920 765 1959; x_wconf 89' lang='lat' dir='ltr'>hunc</span> <span class='ocrx_word' id='word_1_131' title='bbox 791 1920 983 1971; x_wconf 82' lang='lat' dir='ltr'>populum</span> <span class='ocrx_word' id='word_1_132' title='bbox 1010 1921 1122 1960; x_wconf 83' lang='lat' dir='ltr'>illam</span> <span class='ocrx_word' id='word_1_133' title='bbox 1145 1921 1186 1959; x_wconf 90' lang='lat' dir='ltr'>in</span> <span class='ocrx_word' id='word_1_134' title='bbox 1206 1919 1510 1960; x_wconf 85' lang='lat' dir='ltr'>desuetudinem</span> <span class='ocrx_word' id='word_1_135' title='bbox 1537 1920 1696 1960; x_wconf 89' lang='lat' dir='ltr'>abiisse.</span> <span class='ocrx_word' id='word_1_136' title='bbox 1717 1919 1835 1966; x_wconf 90' lang='lat' dir='ltr'>Quod</span> <span class='ocrx_word' id='word_1_137' title='bbox 1855 1919 1942 1970; x_wconf 90' lang='lat' dir='ltr'>qui·</span> 
     </span>
     <span class='ocr_line' id='line_1_19' title="bbox 114 1985 1943 2037; baseline -0.002 -10"><span class='ocrx_word' id='word_1_138' title='bbox 114 1987 205 2027; x_wconf 86' lang='lat' dir='ltr'>dem</span> <span class='ocrx_word' id='word_1_139' title='bbox 231 1987 367 2037; x_wconf 86' lang='lat' dir='ltr'>aliquo</span> <span class='ocrx_word' id='word_1_140' title='bbox 393 1997 511 2026; x_wconf 87' lang='lat' dir='ltr'>sensu</span> <span class='ocrx_word' id='word_1_141' title='bbox 539 1985 698 2025; x_wconf 82' lang='lat' dir='ltr'>admitti</span> <span class='ocrx_word' id='word_1_142' title='bbox 719 1996 834 2036; x_wconf 89' lang='lat' dir='ltr'>posse</span> <span class='ocrx_word' id='word_1_143' title='bbox 858 1985 1037 2036; x_wconf 83' lang='lat' dir='ltr'>videtur3</span> <span class='ocrx_word' id='word_1_144' title='bbox 1064 1997 1156 2026; x_wconf 87' lang='lat' dir='ltr'>nam</span> <span class='ocrx_word' id='word_1_145' title='bbox 1177 1997 1269 2025; x_wconf 84' lang='lat' dir='ltr'>cum</span> <span class='ocrx_word' id='word_1_146' title='bbox 1295 1986 1449 2026; x_wconf 87' lang='lat' dir='ltr'>iudaeis</span> <span class='ocrx_word' id='word_1_147' title='bbox 1468 1986 1795 2035; x_wconf 86' lang='lat' dir='ltr'>dominarentur,</span> <span class='ocrx_word' id='word_1_148' title='bbox 1815 1985 1943 2035; x_wconf 87' lang='lat' dir='ltr'>iisque</span> 
     </span>
     <span class='ocr_line' id='line_1_20' title="bbox 114 2051 1946 2104; baseline -0.002 -12"><span class='ocrx_word' id='word_1_149' title='bbox 114 2052 300 2104; x_wconf 81' lang='lat' dir='ltr'>permixti</span> <span class='ocrx_word' id='word_1_150' title='bbox 330 2052 458 2092; x_wconf 84' lang='lat' dir='ltr'>essent</span> <span class='ocrx_word' id='word_1_151' title='bbox 486 2052 638 2091; x_wconf 84' lang='lat' dir='ltr'>romani</span> <span class='ocrx_word' id='word_1_152' title='bbox 678 2052 748 2101; x_wconf 90' lang='lat' dir='ltr'>qui</span> <span class='ocrx_word' id='word_1_153' title='bbox 784 2052 1080 2102; x_wconf 83' lang='lat' dir='ltr'>monogamiam</span> <span class='ocrx_word' id='word_1_154' title='bbox 1113 2051 1467 2100; x_wconf 84' lang='lat' dir='ltr'>consectabantur,</span> <span class='ocrx_word' id='word_1_155' title='bbox 1498 2052 1654 2091; x_wconf 90' lang='lat' dir='ltr'>nullum</span> <span class='ocrx_word' id='word_1_156' title='bbox 1693 2051 1860 2091; x_wconf 90' lang='lat' dir='ltr'>dubium</span> <span class='ocrx_word' id='word_1_157' title='bbox 1885 2051 1946 2090; x_wconf 87' lang='lat' dir='ltr'>est</span> 
     </span>
     <span class='ocr_line' id='line_1_21' title="bbox 115 2109 1944 2169; baseline -0.001 -11"><span class='ocrx_word' id='word_1_158' title='bbox 115 2118 213 2169; x_wconf 91' lang='lat' dir='ltr'>quin</span> <span class='ocrx_word' id='word_1_159' title='bbox 240 2118 409 2158; x_wconf 75' lang='lat' dir='ltr'>istorum</span> <span class='ocrx_word' id='word_1_160' title='bbox 438 2128 570 2157; x_wconf 84' lang='lat' dir='ltr'>mores</span> <span class='ocrx_word' id='word_1_161' title='bbox 588 2116 672 2156; x_wconf 88' lang='lat' dir='ltr'>sive</span> <span class='ocrx_word' id='word_1_162' title='bbox 690 2117 732 2155; x_wconf 92' lang='lat' dir='ltr'>in</span> <span class='ocrx_word' id='word_1_163' title='bbox 753 2116 928 2167; x_wconf 92' lang='lat' dir='ltr'>bonum,</span> <span class='ocrx_word' id='word_1_164' title='bbox 957 2118 1042 2157; x_wconf 88' lang='lat' dir='ltr'>sive</span> <span class='ocrx_word' id='word_1_165' title='bbox 1066 2118 1109 2156; x_wconf 91' lang='lat' dir='ltr'>in</span> <span class='ocrx_word' id='word_1_166' title='bbox 1136 2117 1289 2157; x_wconf 87' lang='lat' dir='ltr'>malum</span> <span class='ocrx_word' id='word_1_167' title='bbox 1315 2118 1400 2157; x_wconf 82' lang='lat' dir='ltr'>vim</span> <span class='ocrx_word' id='word_1_168' title='bbox 1427 2117 1645 2168; x_wconf 83' lang='lat' dir='ltr'>quamdam</span> <span class='ocrx_word' id='word_1_169' title='bbox 1671 2109 1944 2165; x_wconf 77' lang='lat' dir='ltr'>exercuerint,</span> 
     </span>
     <span class='ocr_line' id='line_1_22' title="bbox 114 2182 1945 2234; baseline -0.001 -11"><span class='ocrx_word' id='word_1_170' title='bbox 114 2183 295 2234; x_wconf 90' lang='lat' dir='ltr'>adeoque</span> <span class='ocrx_word' id='word_1_171' title='bbox 310 2184 417 2222; x_wconf 88' lang='lat' dir='ltr'>certe</span> <span class='ocrx_word' id='word_1_172' title='bbox 432 2183 566 2222; x_wconf 89' lang='lat' dir='ltr'>minus</span> <span class='ocrx_word' id='word_1_173' title='bbox 582 2182 770 2232; x_wconf 83' lang='lat' dir='ltr'>frequens</span> <span class='ocrx_word' id='word_1_174' title='bbox 790 2182 876 2221; x_wconf 87' lang='lat' dir='ltr'>erat</span> <span class='ocrx_word' id='word_1_175' title='bbox 891 2193 1013 2233; x_wconf 87' lang='lat' dir='ltr'>penes</span> <span class='ocrx_word' id='word_1_176' title='bbox 1032 2182 1198 2222; x_wconf 84' lang='lat' dir='ltr'>iudaeos</span> <span class='ocrx_word' id='word_1_177' title='bbox 1217 2182 1463 2234; x_wconf 78' lang='lat' dir='ltr'>polygamia3</span> <span class='ocrx_word' id='word_1_178' title='bbox 1485 2184 1660 2223; x_wconf 85' lang='lat' dir='ltr'>attamen</span> <span class='ocrx_word' id='word_1_179' title='bbox 1679 2194 1758 2222; x_wconf 92' lang='lat' dir='ltr'>non</span> <span class='ocrx_word' id='word_1_180' title='bbox 1782 2182 1945 2222; x_wconf 91' lang='lat' dir='ltr'>omnino</span> 
     </span>
     <span class='ocr_line' id='line_1_23' title="bbox 113 2247 1948 2300; baseline -0.001 -12"><span class='ocrx_word' id='word_1_181' title='bbox 113 2249 299 2288; x_wconf 84' lang='lat' dir='ltr'>cessavit.</span> <span class='ocrx_word' id='word_1_182' title='bbox 313 2247 469 2288; x_wconf 89' lang='lat' dir='ltr'>Etenim</span> <span class='ocrx_word' id='word_1_183' title='bbox 485 2248 677 2299; x_wconf 87' lang='lat' dir='ltr'>Iosephus</span> <span class='ocrx_word' id='word_1_184' title='bbox 693 2247 854 2287; x_wconf 86' lang='lat' dir='ltr'>Flavius</span> <span class='ocrx_word' id='word_1_185' title='bbox 865 2247 935 2287; x_wconf 85' lang='lat' dir='ltr'>lib.</span> <span class='ocrx_word' id='word_1_186' title='bbox 949 2250 1074 2287; x_wconf 86' lang='lat' dir='ltr'>XVII.</span> <span class='ocrx_word' id='word_1_187' title='bbox 1085 2250 1297 2300; x_wconf 74' lang='lat' dir='ltr'>Antiquit.</span> <span class='ocrx_word' id='word_1_188' title='bbox 1308 2260 1344 2289; x_wconf 86' lang='lat' dir='ltr'>c.</span> <span class='ocrx_word' id='word_1_189' title='bbox 1360 2250 1572 2290; x_wconf 87' lang='lat' dir='ltr'>1.testatur</span> <span class='ocrx_word' id='word_1_190' title='bbox 1586 2249 1717 2289; x_wconf 85' lang='lat' dir='ltr'>adhuc</span> <span class='ocrx_word' id='word_1_191' title='bbox 1732 2259 1805 2288; x_wconf 89' lang='lat' dir='ltr'>sua</span> <span class='ocrx_word' id='word_1_192' title='bbox 1821 2249 1948 2288; x_wconf 84' lang='lat' dir='ltr'>aetate</span> 
     </span>
     <span class='ocr_line' id='line_1_24' title="bbox 116 2312 1949 2366; baseline -0.001 -13"><span class='ocrx_word' id='word_1_193' title='bbox 116 2324 203 2353; x_wconf 88' lang='lat' dir='ltr'>eam</span> <span class='ocrx_word' id='word_1_194' title='bbox 224 2312 399 2363; x_wconf 83' lang='lat' dir='ltr'>viguisse</span> <span class='ocrx_word' id='word_1_195' title='bbox 424 2312 624 2353; x_wconf 86' lang='lat' dir='ltr'>scribens:</span> <span class='ocrx_word' id='word_1_196' title='bbox 647 2329 666 2346; x_wconf 74' lang='grc' dir='ltr'>«ι</span> <span class='ocrx_word' id='word_1_197' title='bbox 675 2314 778 2352; x_wconf 84' lang='lat' dir='ltr'>Nam</span> <span class='ocrx_word' id='word_1_198' title='bbox 796 2323 885 2352; x_wconf 90' lang='lat' dir='ltr'>mos</span> <span class='ocrx_word' id='word_1_199' title='bbox 903 2312 1020 2353; x_wconf 89' lang='lat' dir='ltr'>nobis</span> <span class='ocrx_word' id='word_1_200' title='bbox 1042 2315 1102 2354; x_wconf 88' lang='lat' dir='ltr'>est</span> <span class='ocrx_word' id='word_1_201' title='bbox 1119 2313 1275 2364; x_wconf 84' lang='lat' dir='ltr'>patrius</span> <span class='ocrx_word' id='word_1_202' title='bbox 1292 2314 1433 2354; x_wconf 89' lang='lat' dir='ltr'>eodem</span> <span class='ocrx_word' id='word_1_203' title='bbox 1451 2315 1630 2366; x_wconf 86' lang='lat' dir='ltr'>tempore</span> <span class='ocrx_word' id='word_1_204' title='bbox 1649 2314 1783 2365; x_wconf 88' lang='lat' dir='ltr'>plures</span> <span class='ocrx_word' id='word_1_205' title='bbox 1803 2313 1949 2353; x_wconf 83' lang='lat' dir='ltr'>habere</span> 
     </span>
     <span class='ocr_line' id='line_1_25' title="bbox 120 2377 1946 2437; baseline 0.001 -20"><span class='ocrx_word' id='word_1_206' title='bbox 120 2379 482 2436; x_wconf 68' lang='grc' dir='ltr'>υχοτθευΠοίτριον</span> <span class='ocrx_word' id='word_1_207' title='bbox 510 2380 594 2437; x_wconf 79' lang='grc' dir='ltr'>γοὶρ</span> <span class='ocrx_word' id='word_1_208' title='bbox 627 2377 666 2422; x_wconf 81' lang='grc' dir='ltr'>ἐν</span> <span class='ocrx_word' id='word_1_209' title='bbox 700 2378 845 2437; x_wconf 56' lang='lat' dir='ltr'>*rada-cp*</span> <span class='ocrx_word' id='word_1_210' title='bbox 870 2379 1069 2422; x_wconf 75' lang='grc' dir='ltr'><strong><em>πλείοσιν</em></strong></span> <span class='ocrx_word' id='word_1_211' title='bbox 1102 2380 1205 2436; x_wconf 67' lang='grc' dir='ltr'><em>’ἡμῖν</em></span> <span class='ocrx_word' id='word_1_212' title='bbox 1239 2381 1463 2423; x_wconf 78' lang='grc' dir='ltr'><em>συνοικεῖν.</em></span> <span class='ocrx_word' id='word_1_213' title='bbox 1492 2381 1542 2419; x_wconf 86' lang='lat' dir='ltr'>Et</span> <span class='ocrx_word' id='word_1_214' title='bbox 1563 2390 1655 2419; x_wconf 81' lang='lat' dir='ltr'>mox</span> <span class='ocrx_word' id='word_1_215' title='bbox 1677 2377 1847 2419; x_wconf 86' lang='lat' dir='ltr'>Herodis</span> <span class='ocrx_word' id='word_1_216' title='bbox 1864 2389 1946 2418; x_wconf 86' lang='lat' dir='ltr'>ma-</span> 
     </span>
     <span class='ocr_line' id='line_1_26' title="bbox 119 2443 1950 2495; baseline 0.001 -14"><span class='ocrx_word' id='word_1_217' title='bbox 119 2443 187 2492; x_wconf 85' lang='lat' dir='ltr'>gni</span> <span class='ocrx_word' id='word_1_218' title='bbox 216 2453 360 2483; x_wconf 90' lang='lat' dir='ltr'>novem</span> <span class='ocrx_word' id='word_1_219' title='bbox 390 2443 578 2495; x_wconf 86' lang='lat' dir='ltr'>coniuges</span> <span class='ocrx_word' id='word_1_220' title='bbox 606 2447 815 2485; x_wconf 87' lang='lat' dir='ltr'>memorat.</span> <span class='ocrx_word' id='word_1_221' title='bbox 834 2447 964 2484; x_wconf 90' lang='lat' dir='ltr'>Immo</span> <span class='ocrx_word' id='word_1_222' title='bbox 991 2446 1032 2484; x_wconf 88' lang='lat' dir='ltr'>et</span> <span class='ocrx_word' id='word_1_223' title='bbox 1060 2444 1267 2494; x_wconf 86' lang='lat' dir='ltr'>aliquanto</span> <span class='ocrx_word' id='word_1_224' title='bbox 1286 2446 1378 2495; x_wconf 89' lang='lat' dir='ltr'>post</span> <span class='ocrx_word' id='word_1_225' title='bbox 1404 2455 1437 2484; x_wconf 91' lang='lat' dir='ltr'>s.</span> <span class='ocrx_word' id='word_1_226' title='bbox 1453 2445 1631 2484; x_wconf 88' lang='lat' dir='ltr'>Iustinus</span> <span class='ocrx_word' id='word_1_227' title='bbox 1650 2443 1691 2482; x_wconf 91' lang='lat' dir='ltr'>in</span> <span class='ocrx_word' id='word_1_228' title='bbox 1709 2443 1825 2483; x_wconf 80' lang='lat' dir='ltr'>Dial.</span> <span class='ocrx_word' id='word_1_229' title='bbox 1850 2453 1950 2483; x_wconf 85' lang='lat' dir='ltr'>cum</span> 
     </span>
     <span class='ocr_line' id='line_1_27' title="bbox 125 2507 1949 2562; baseline 0.001 -15"><span class='ocrx_word' id='word_1_230' title='bbox 125 2507 341 2558; x_wconf 80' lang='lat' dir='ltr'>Tryphone</span> <span class='ocrx_word' id='word_1_231' title='bbox 360 2513 505 2549; x_wconf 75' lang='lat' dir='ltr'>n.134.</span> <span class='ocrx_word' id='word_1_232' title='bbox 529 2509 662 2551; x_wconf 83' lang='lat' dir='ltr'>adhuc</span> <span class='ocrx_word' id='word_1_233' title='bbox 689 2511 904 2562; x_wconf 83' lang='lat' dir='ltr'>exprobrat</span> <span class='ocrx_word' id='word_1_234' title='bbox 933 2510 1113 2562; x_wconf 88' lang='lat' dir='ltr'>iudaeis,</span> <span class='ocrx_word' id='word_1_235' title='bbox 1140 2511 1250 2561; x_wconf 92' lang='lat' dir='ltr'>quod</span> <span class='ocrx_word' id='word_1_236' title='bbox 1274 2510 1534 2550; x_wconf 83' lang='lat' dir='ltr'>rabbinorum</span> <span class='ocrx_word' id='word_1_237' title='bbox 1567 2520 1732 2550; x_wconf 90' lang='lat' dir='ltr'>suorum</span> <span class='ocrx_word' id='word_1_238' title='bbox 1767 2508 1949 2549; x_wconf 78' lang='lat' dir='ltr'>doctrina</span> 
     </span>
     <span class='ocr_line' id='line_1_28' title="bbox 121 2571 1950 2628; baseline 0.002 -17"><span class='ocrx_word' id='word_1_239' title='bbox 121 2571 274 2623; x_wconf 82' lang='lat' dir='ltr'>decepti</span> <span class='ocrx_word' id='word_1_240' title='bbox 305 2576 478 2624; x_wconf 86' lang='lat' dir='ltr'>quatuor</span> <span class='ocrx_word' id='word_1_241' title='bbox 507 2577 578 2616; x_wconf 87' lang='lat' dir='ltr'>aut</span> <span class='ocrx_word' id='word_1_242' title='bbox 613 2577 792 2628; x_wconf 89' lang='lat' dir='ltr'>quinque</span> <span class='ocrx_word' id='word_1_243' title='bbox 821 2588 965 2618; x_wconf 82' lang='lat' dir='ltr'>uxores</span> <span class='ocrx_word' id='word_1_244' title='bbox 991 2577 1204 2627; x_wconf 85' lang='lat' dir='ltr'>ducerent,</span> <span class='ocrx_word' id='word_1_245' title='bbox 1226 2578 1431 2628; x_wconf 86' lang='lat' dir='ltr'>inquiens:</span> <span class='ocrx_word' id='word_1_246' title='bbox 1461 2595 1481 2612; x_wconf 72' lang='grc' dir='ltr'>«ι</span> <span class='ocrx_word' id='word_1_247' title='bbox 1501 2577 1633 2617; x_wconf 85' lang='lat' dir='ltr'>Satius</span> <span class='ocrx_word' id='word_1_248' title='bbox 1659 2578 1721 2616; x_wconf 86' lang='lat' dir='ltr'>est</span> <span class='ocrx_word' id='word_1_249' title='bbox 1747 2578 1792 2615; x_wconf 89' lang='lat' dir='ltr'>ut</span> <span class='ocrx_word' id='word_1_250' title='bbox 1821 2578 1950 2615; x_wconf 87' lang='lat' dir='ltr'>Deum</span> 
     </span>
     <span class='ocr_line' id='line_1_29' title="bbox 122 2638 1952 2694; baseline 0.003 -19"><span class='ocrx_word' id='word_1_251' title='bbox 122 2638 366 2688; x_wconf 88' lang='lat' dir='ltr'>sequamini,</span> <span class='ocrx_word' id='word_1_252' title='bbox 382 2650 503 2690; x_wconf 89' lang='lat' dir='ltr'>quam</span> <span class='ocrx_word' id='word_1_253' title='bbox 514 2641 787 2692; x_wconf 86' lang='lat' dir='ltr'>imprudentes</span> <span class='ocrx_word' id='word_1_254' title='bbox 802 2644 842 2683; x_wconf 93' lang='lat' dir='ltr'>et</span> <span class='ocrx_word' id='word_1_255' title='bbox 859 2654 997 2684; x_wconf 87' lang='lat' dir='ltr'>caecos</span> <span class='ocrx_word' id='word_1_256' title='bbox 1017 2643 1229 2694; x_wconf 84' lang='lat' dir='ltr'>magistros</span> <span class='ocrx_word' id='word_1_257' title='bbox 1247 2645 1422 2694; x_wconf 84' lang='lat' dir='ltr'>vestros,</span> <span class='ocrx_word' id='word_1_258' title='bbox 1435 2645 1511 2694; x_wconf 76' lang='lat' dir='ltr'>qui</span> <span class='ocrx_word' id='word_1_259' title='bbox 1527 2653 1623 2682; x_wconf 88' lang='lat' dir='ltr'>sane</span> <span class='ocrx_word' id='word_1_260' title='bbox 1636 2641 1687 2681; x_wconf 86' lang='lat' dir='ltr'>ad</span> <span class='ocrx_word' id='word_1_261' title='bbox 1704 2642 1807 2680; x_wconf 84' lang='lat' dir='ltr'>hanc</span> <span class='ocrx_word' id='word_1_262' title='bbox 1825 2651 1952 2691; x_wconf 90' lang='lat' dir='ltr'>usque</span> 
     </span>
     <span class='ocr_line' id='line_1_30' title="bbox 125 2700 1949 2758; baseline 0.003 -19"><span class='ocrx_word' id='word_1_263' title='bbox 125 2700 230 2740; x_wconf 87' lang='lat' dir='ltr'>diem</span> <span class='ocrx_word' id='word_1_264' title='bbox 250 2704 292 2742; x_wconf 78' lang='lat' dir='ltr'>et</span> <span class='ocrx_word' id='word_1_265' title='bbox 313 2705 502 2753; x_wconf 80' lang='lat' dir='ltr'>quatuor</span> <span class='ocrx_word' id='word_1_266' title='bbox 517 2707 558 2744; x_wconf 79' lang='lat' dir='ltr'>et</span> <span class='ocrx_word' id='word_1_267' title='bbox 577 2708 766 2758; x_wconf 81' lang='lat' dir='ltr'>quinque</span> <span class='ocrx_word' id='word_1_268' title='bbox 783 2718 928 2748; x_wconf 84' lang='lat' dir='ltr'>uxores</span> <span class='ocrx_word' id='word_1_269' title='bbox 948 2707 1094 2748; x_wconf 86' lang='lat' dir='ltr'>habere</span> <span class='ocrx_word' id='word_1_270' title='bbox 1113 2707 1332 2758; x_wconf 85' lang='lat' dir='ltr'>unicuique</span> <span class='ocrx_word' id='word_1_271' title='bbox 1352 2708 1639 2758; x_wconf 76' lang='lat' dir='ltr'>permittunt.-</span> <span class='ocrx_word' id='word_1_272' title='bbox 1657 2707 1698 2746; x_wconf 90' lang='lat' dir='ltr'>et</span> <span class='ocrx_word' id='word_1_273' title='bbox 1719 2706 1752 2745; x_wconf 90' lang='lat' dir='ltr'>si</span> <span class='ocrx_word' id='word_1_274' title='bbox 1772 2706 1864 2756; x_wconf 90' lang='lat' dir='ltr'>quis</span> <span class='ocrx_word' id='word_1_275' title='bbox 1885 2716 1949 2744; x_wconf 89' lang='lat' dir='ltr'>ve·</span> 
     </span>
     <span class='ocr_line' id='line_1_31' title="bbox 126 2767 1949 2824; baseline 0.004 -20"><span class='ocrx_word' id='word_1_276' title='bbox 126 2767 283 2806; x_wconf 81' lang='lat' dir='ltr'>nustam</span> <span class='ocrx_word' id='word_1_277' title='bbox 305 2767 518 2818; x_wconf 85' lang='lat' dir='ltr'>inspiciens</span> <span class='ocrx_word' id='word_1_278' title='bbox 535 2779 622 2810; x_wconf 86' lang='lat' dir='ltr'>eam</span> <span class='ocrx_word' id='word_1_279' title='bbox 646 2772 944 2823; x_wconf 87' lang='lat' dir='ltr'>concupiverit,</span> <span class='ocrx_word' id='word_1_280' title='bbox 969 2773 1124 2823; x_wconf 82' lang='lat' dir='ltr'>iacobi,</span> <span class='ocrx_word' id='word_1_281' title='bbox 1143 2774 1214 2824; x_wconf 92' lang='lat' dir='ltr'>qui</span> <span class='ocrx_word' id='word_1_282' title='bbox 1232 2774 1354 2813; x_wconf 86' lang='lat' dir='ltr'>lsrael</span> <span class='ocrx_word' id='word_1_283' title='bbox 1372 2771 1505 2813; x_wconf 87' lang='lat' dir='ltr'>dictus</span> <span class='ocrx_word' id='word_1_284' title='bbox 1522 2774 1604 2821; x_wconf 90' lang='lat' dir='ltr'>est,</span> <span class='ocrx_word' id='word_1_285' title='bbox 1625 2773 1664 2812; x_wconf 89' lang='lat' dir='ltr'>et</span> <span class='ocrx_word' id='word_1_286' title='bbox 1682 2772 1853 2811; x_wconf 87' lang='lat' dir='ltr'>aliorum</span> <span class='ocrx_word' id='word_1_287' title='bbox 1884 2783 1949 2822; x_wconf 84' lang='lat' dir='ltr'>pa·</span> 
     </span>
     <span class='ocr_line' id='line_1_32' title="bbox 125 2832 1951 2889; baseline 0.004 -19"><span class='ocrx_word' id='word_1_288' title='bbox 125 2832 390 2872; x_wconf 87' lang='lat' dir='ltr'>triarcharum</span> <span class='ocrx_word' id='word_1_289' title='bbox 413 2833 519 2874; x_wconf 84' lang='lat' dir='ltr'>facta</span> <span class='ocrx_word' id='word_1_290' title='bbox 541 2839 918 2887; x_wconf 85' lang='lat' dir='ltr'>commemorantes,</span> <span class='ocrx_word' id='word_1_291' title='bbox 951 2849 998 2877; x_wconf 86' lang='lat' dir='ltr'>ac</span> <span class='ocrx_word' id='word_1_292' title='bbox 1020 2840 1210 2888; x_wconf 83' lang='lat' dir='ltr'>negantes</span> <span class='ocrx_word' id='word_1_293' title='bbox 1239 2849 1404 2889; x_wconf 86' lang='lat' dir='ltr'>peccare</span> <span class='ocrx_word' id='word_1_294' title='bbox 1426 2837 1462 2878; x_wconf 88' lang='lat' dir='ltr'>si</span> <span class='ocrx_word' id='word_1_295' title='bbox 1488 2838 1580 2889; x_wconf 89' lang='lat' dir='ltr'>quis</span> <span class='ocrx_word' id='word_1_296' title='bbox 1614 2837 1763 2878; x_wconf 87' lang='lat' dir='ltr'>similia</span> <span class='ocrx_word' id='word_1_297' title='bbox 1793 2837 1951 2878; x_wconf 80' lang='lat' dir='ltr'>faciat.»</span> 
     </span>
     <span class='ocr_line' id='line_1_33' title="bbox 123 2895 1953 2955; baseline 0.005 -20"><span class='ocrx_word' id='word_1_298' title='bbox 123 2895 187 2937; x_wconf 88' lang='lat' dir='ltr'>ed.</span> <span class='ocrx_word' id='word_1_299' title='bbox 209 2897 359 2938; x_wconf 88' lang='lat' dir='ltr'>Theod.</span> <span class='ocrx_word' id='word_1_300' title='bbox 376 2900 470 2938; x_wconf 86' lang='lat' dir='ltr'>Otto</span> <span class='ocrx_word' id='word_1_301' title='bbox 488 2902 604 2940; x_wconf 87' lang='lat' dir='ltr'>lenae</span> <span class='ocrx_word' id='word_1_302' title='bbox 633 2905 741 2942; x_wconf 84' lang='grc'><strong>1849.</strong></span> <span class='ocrx_word' id='word_1_303' title='bbox 758 2903 860 2942; x_wconf 88' lang='lat' dir='ltr'>tomi</span> <span class='ocrx_word' id='word_1_304' title='bbox 879 2904 910 2942; x_wconf 93' lang='grc' dir='ltr'>Ι.</span> <span class='ocrx_word' id='word_1_305' title='bbox 932 2905 1033 2954; x_wconf 86' lang='lat' dir='ltr'>part.</span> <span class='ocrx_word' id='word_1_306' title='bbox 1053 2905 1084 2943; x_wconf 90' lang='lat'>1.</span> <span class='ocrx_word' id='word_1_307' title='bbox 1106 2914 1196 2954; x_wconf 83' lang='lat' dir='ltr'>pag.</span> <span class='ocrx_word' id='word_1_308' title='bbox 1218 2907 1290 2944; x_wconf 85' lang='lat'>447</span> <span class='ocrx_word' id='word_1_309' title='bbox 1310 2914 1422 2955; x_wconf 88' lang='lat' dir='ltr'>seqq.</span> <span class='ocrx_word' id='word_1_310' title='bbox 1443 2904 1506 2944; x_wconf 79' lang='lat' dir='ltr'>Cf.</span> <span class='ocrx_word' id='word_1_311' title='bbox 1521 2903 1643 2944; x_wconf 87' lang='lat' dir='ltr'>etiam</span> <span class='ocrx_word' id='word_1_312' title='bbox 1667 2905 1783 2944; x_wconf 88' lang='lat' dir='ltr'>notas</span> <span class='ocrx_word' id='word_1_313' title='bbox 1803 2904 1868 2944; x_wconf 86' lang='lat' dir='ltr'>hic</span> <span class='ocrx_word' id='word_1_314' title='bbox 1887 2915 1953 2954; x_wconf 84' lang='lat' dir='ltr'>ap-</span> 
     </span>
     <span class='ocr_line' id='line_1_34' title="bbox 128 2963 862 3013; baseline 0.008 -12"><span class='ocrx_word' id='word_1_315' title='bbox 128 2963 278 3013; x_wconf 89' lang='lat' dir='ltr'>positas</span> <span class='ocrx_word' id='word_1_316' title='bbox 295 2974 342 3002; x_wconf 84' lang='lat' dir='ltr'>ex</span> <span class='ocrx_word' id='word_1_317' title='bbox 362 2964 530 3004; x_wconf 85' lang='lat' dir='ltr'>Seideno</span> <span class='ocrx_word' id='word_1_318' title='bbox 549 2966 590 3005; x_wconf 89' lang='lat' dir='ltr'>et</span> <span class='ocrx_word' id='word_1_319' title='bbox 607 2966 862 3007; x_wconf 88' lang='lat' dir='ltr'>Maimonide.</span> 
     </span>
    </p>

    <p class='ocr_par' dir='ltr' id='par_1_6' title="bbox 121 3028 1957 3545">
     <span class='ocr_line' id='line_1_35' title="bbox 245 3028 1949 3088; baseline 0.005 -21"><span class='ocrx_word' id='word_1_320' title='bbox 245 3028 350 3079; x_wconf 87' lang='lat'>(127)</span> <span class='ocrx_word' id='word_1_321' title='bbox 377 3030 479 3069; x_wconf 87' lang='lat' dir='ltr'>Sane</span> <span class='ocrx_word' id='word_1_322' title='bbox 506 3031 637 3071; x_wconf 83' lang='lat' dir='ltr'>Collet</span> <span class='ocrx_word' id='word_1_323' title='bbox 663 3042 751 3084; x_wconf 82' lang='lat' dir='ltr'>cap.</span> <span class='ocrx_word' id='word_1_324' title='bbox 776 3035 826 3072; x_wconf 91' lang='lat' dir='ltr'>V.</span> <span class='ocrx_word' id='word_1_325' title='bbox 851 3036 911 3074; x_wconf 86' lang='lat' dir='ltr'>De</span> <span class='ocrx_word' id='word_1_326' title='bbox 940 3037 1110 3075; x_wconf 77' lang='lat' dir='ltr'>unitate</span> <span class='ocrx_word' id='word_1_327' title='bbox 1139 3038 1270 3076; x_wconf 75' lang='lat' dir='ltr'>malr.</span> <span class='ocrx_word' id='word_1_328' title='bbox 1300 3036 1398 3077; x_wconf 89' lang='lat' dir='ltr'>sect.</span> <span class='ocrx_word' id='word_1_329' title='bbox 1423 3038 1455 3076; x_wconf 96' lang='lat' dir='ltr'>I.</span> <span class='ocrx_word' id='word_1_330' title='bbox 1477 3037 1514 3088; x_wconf 62' lang='grc' dir='ltr'>ς.</span> <span class='ocrx_word' id='word_1_331' title='bbox 1536 3037 1610 3077; x_wconf 88' lang='lat' dir='ltr'>ult.</span> <span class='ocrx_word' id='word_1_332' title='bbox 1630 3048 1670 3077; x_wconf 93' lang='lat' dir='ltr'>n.</span> <span class='ocrx_word' id='word_1_333' title='bbox 1698 3041 1760 3078; x_wconf 85' lang='lat'>71.</span> <span class='ocrx_word' id='word_1_334' title='bbox 1786 3037 1949 3077; x_wconf 84' lang='lat' dir='ltr'>scribit:</span> 
     </span>
     <span class='ocr_line' id='line_1_36' title="bbox 127 3091 1956 3152; baseline 0.005 -21"><span class='ocrx_word' id='word_1_335' title='bbox 127 3091 335 3132; x_wconf 87' lang='lat' dir='ltr'>«Dubitari</span> <span class='ocrx_word' id='word_1_336' title='bbox 359 3095 492 3134; x_wconf 85' lang='lat' dir='ltr'>tamen</span> <span class='ocrx_word' id='word_1_337' title='bbox 518 3095 643 3145; x_wconf 90' lang='lat' dir='ltr'>possit</span> <span class='ocrx_word' id='word_1_338' title='bbox 665 3107 716 3136; x_wconf 90' lang='lat' dir='ltr'>an</span> <span class='ocrx_word' id='word_1_339' title='bbox 739 3099 872 3148; x_wconf 87' lang='lat' dir='ltr'>patres</span> <span class='ocrx_word' id='word_1_340' title='bbox 894 3110 1054 3149; x_wconf 90' lang='lat' dir='ltr'>omnes,</span> <span class='ocrx_word' id='word_1_341' title='bbox 1073 3099 1320 3150; x_wconf 87' lang='lat' dir='ltr'>Augustinus</span> <span class='ocrx_word' id='word_1_342' title='bbox 1340 3101 1596 3152; x_wconf 85' lang='lat' dir='ltr'>praesertim,</span> <span class='ocrx_word' id='word_1_343' title='bbox 1618 3102 1657 3142; x_wconf 88' lang='lat' dir='ltr'>et</span> <span class='ocrx_word' id='word_1_344' title='bbox 1681 3100 1956 3142; x_wconf 86' lang='lat' dir='ltr'>Theodoretus</span> 
     </span>
     <span class='ocr_line' id='line_1_37' title="bbox 121 3158 1955 3218; baseline 0.004 -21"><span class='ocrx_word' id='word_1_345' title='bbox 121 3159 203 3198; x_wconf 87' lang='lat' dir='ltr'>tam</span> <span class='ocrx_word' id='word_1_346' title='bbox 229 3158 328 3199; x_wconf 89' lang='lat' dir='ltr'>dure</span> <span class='ocrx_word' id='word_1_347' title='bbox 355 3159 406 3200; x_wconf 88' lang='lat' dir='ltr'>de</span> <span class='ocrx_word' id='word_1_348' title='bbox 431 3161 656 3212; x_wconf 85' lang='lat' dir='ltr'>polygamia</span> <span class='ocrx_word' id='word_1_349' title='bbox 677 3163 743 3203; x_wconf 83' lang='lat' dir='ltr'>vel</span> <span class='ocrx_word' id='word_1_350' title='bbox 771 3164 899 3214; x_wconf 90' lang='lat' dir='ltr'>ipsius</span> <span class='ocrx_word' id='word_1_351' title='bbox 923 3165 1096 3205; x_wconf 85' lang='lat' dir='ltr'>Lamech</span> <span class='ocrx_word' id='word_1_352' title='bbox 1126 3166 1362 3216; x_wconf 87' lang='lat' dir='ltr'>sensissent,</span> <span class='ocrx_word' id='word_1_353' title='bbox 1383 3178 1475 3206; x_wconf 90' lang='lat' dir='ltr'>cum</span> <span class='ocrx_word' id='word_1_354' title='bbox 1495 3167 1713 3218; x_wconf 86' lang='lat' dir='ltr'>generatim</span> <span class='ocrx_word' id='word_1_355' title='bbox 1732 3178 1819 3207; x_wconf 88' lang='lat' dir='ltr'>eam</span> <span class='ocrx_word' id='word_1_356' title='bbox 1843 3167 1955 3206; x_wconf 84' lang='lat' dir='ltr'>nulla</span> 
     </span>
     <span class='ocr_line' id='line_1_38' title="bbox 122 3223 1952 3285; baseline 0.004 -23"><span class='ocrx_word' id='word_1_357' title='bbox 122 3223 207 3274; x_wconf 86' lang='lat' dir='ltr'>lege</span> <span class='ocrx_word' id='word_1_358' title='bbox 221 3224 465 3274; x_wconf 85' lang='lat' dir='ltr'>prohibitam</span> <span class='ocrx_word' id='word_1_359' title='bbox 481 3237 566 3266; x_wconf 85' lang='lat' dir='ltr'>esse</span> <span class='ocrx_word' id='word_1_360' title='bbox 583 3226 732 3268; x_wconf 83' lang='lat' dir='ltr'>dicant.</span> <span class='ocrx_word' id='word_1_361' title='bbox 747 3229 908 3270; x_wconf 84' lang='lat' dir='ltr'>Athaco</span> <span class='ocrx_word' id='word_1_362' title='bbox 925 3241 1065 3270; x_wconf 88' lang='lat' dir='ltr'>eorum</span> <span class='ocrx_word' id='word_1_363' title='bbox 1082 3231 1205 3271; x_wconf 87' lang='lat' dir='ltr'>verba</span> <span class='ocrx_word' id='word_1_364' title='bbox 1217 3231 1270 3272; x_wconf 85' lang='lat' dir='ltr'>ad</span> <span class='ocrx_word' id='word_1_365' title='bbox 1286 3233 1447 3284; x_wconf 88' lang='lat' dir='ltr'>tempus</span> <span class='ocrx_word' id='word_1_366' title='bbox 1470 3233 1791 3285; x_wconf 83' lang='lat' dir='ltr'>patriarcharum</span> <span class='ocrx_word' id='word_1_367' title='bbox 1816 3232 1952 3272; x_wconf 86' lang='lat' dir='ltr'>referri</span> 
     </span>
     <span class='ocr_line' id='line_1_39' title="bbox 132 3290 1956 3350; baseline 0.005 -22"><span class='ocrx_word' id='word_1_368' title='bbox 132 3290 311 3340; x_wconf 88' lang='lat' dir='ltr'>possunt.</span> <span class='ocrx_word' id='word_1_369' title='bbox 337 3290 443 3330; x_wconf 90' lang='lat' dir='ltr'>Fieri</span> <span class='ocrx_word' id='word_1_370' title='bbox 469 3291 623 3342; x_wconf 89' lang='lat' dir='ltr'>potest,</span> <span class='ocrx_word' id='word_1_371' title='bbox 645 3293 691 3333; x_wconf 91' lang='lat' dir='ltr'>ut</span> <span class='ocrx_word' id='word_1_372' title='bbox 709 3293 751 3334; x_wconf 93' lang='lat' dir='ltr'>in</span> <span class='ocrx_word' id='word_1_373' title='bbox 770 3294 889 3335; x_wconf 88' lang='lat' dir='ltr'>rebus</span> <span class='ocrx_word' id='word_1_374' title='bbox 907 3306 989 3336; x_wconf 90' lang='lat' dir='ltr'>non</span> <span class='ocrx_word' id='word_1_375' title='bbox 1008 3296 1190 3337; x_wconf 87' lang='lat' dir='ltr'>absolute</span> <span class='ocrx_word' id='word_1_376' title='bbox 1212 3297 1329 3338; x_wconf 87' lang='lat' dir='ltr'>malis</span> <span class='ocrx_word' id='word_1_377' title='bbox 1352 3297 1459 3339; x_wconf 87' lang='lat' dir='ltr'>idem</span> <span class='ocrx_word' id='word_1_378' title='bbox 1480 3298 1723 3349; x_wconf 89' lang='lat' dir='ltr'>quandoque</span> <span class='ocrx_word' id='word_1_379' title='bbox 1750 3297 1956 3350; x_wconf 83' lang='lat' dir='ltr'>prohibea-</span> 
     </span>
     <span class='ocr_line' id='line_1_40' title="bbox 126 3355 1957 3414; baseline 0.005 -21"><span class='ocrx_word' id='word_1_380' title='bbox 126 3356 213 3405; x_wconf 86' lang='lat' dir='ltr'>tur,</span> <span class='ocrx_word' id='word_1_381' title='bbox 250 3355 491 3407; x_wconf 87' lang='lat' dir='ltr'>quandoque</span> <span class='ocrx_word' id='word_1_382' title='bbox 514 3358 750 3399; x_wconf 82' lang='lat' dir='ltr'>toleretur.»</span> <span class='ocrx_word' id='word_1_383' title='bbox 763 3360 841 3401; x_wconf 90' lang='lat' dir='ltr'>Sed</span> <span class='ocrx_word' id='word_1_384' title='bbox 870 3362 1033 3412; x_wconf 84' lang='lat' dir='ltr'>quando</span> <span class='ocrx_word' id='word_1_385' title='bbox 1062 3362 1265 3414; x_wconf 86' lang='lat' dir='ltr'>prohibita</span> <span class='ocrx_word' id='word_1_386' title='bbox 1296 3364 1442 3414; x_wconf 80' lang='lat' dir='ltr'>suerit,</span> <span class='ocrx_word' id='word_1_387' title='bbox 1467 3375 1549 3404; x_wconf 91' lang='lat' dir='ltr'>non</span> <span class='ocrx_word' id='word_1_388' title='bbox 1571 3364 1760 3404; x_wconf 86' lang='lat' dir='ltr'>ostendit.</span> <span class='ocrx_word' id='word_1_389' title='bbox 1786 3366 1836 3404; x_wconf 89' lang='lat' dir='ltr'>D.</span> <span class='ocrx_word' id='word_1_390' title='bbox 1862 3374 1957 3403; x_wconf 87' lang='lat' dir='ltr'>vero</span> 
     </span>
     <span class='ocr_line' id='line_1_41' title="bbox 126 3420 1955 3481; baseline 0.006 -23"><span class='ocrx_word' id='word_1_391' title='bbox 126 3420 307 3461; x_wconf 80' lang='lat' dir='ltr'>Carriere</span> <span class='ocrx_word' id='word_1_392' title='bbox 327 3432 368 3460; x_wconf 87' lang='lat' dir='ltr'>n.</span> <span class='ocrx_word' id='word_1_393' title='bbox 386 3425 470 3462; x_wconf 86' lang='lat'><strong>176.</strong></span> <span class='ocrx_word' id='word_1_394' title='bbox 482 3422 650 3474; x_wconf 90' lang='lat' dir='ltr'>loquens</span> <span class='ocrx_word' id='word_1_395' title='bbox 670 3425 720 3466; x_wconf 91' lang='lat' dir='ltr'>de</span> <span class='ocrx_word' id='word_1_396' title='bbox 740 3437 780 3477; x_wconf 92' lang='lat' dir='ltr'>p.</span> <span class='ocrx_word' id='word_1_397' title='bbox 796 3427 941 3467; x_wconf 90' lang='lat' dir='ltr'>Merlin</span> <span class='ocrx_word' id='word_1_398' title='bbox 957 3427 1113 3468; x_wconf 87' lang='lat' dir='ltr'>subdit:</span> <span class='ocrx_word' id='word_1_399' title='bbox 1131 3428 1226 3468; x_wconf 85' lang='lat' dir='ltr'>«Ait</span> <span class='ocrx_word' id='word_1_400' title='bbox 1241 3429 1346 3469; x_wconf 86' lang='lat' dir='ltr'>hanc</span> <span class='ocrx_word' id='word_1_401' title='bbox 1362 3440 1448 3470; x_wconf 86' lang='lat' dir='ltr'>esse</span> <span class='ocrx_word' id='word_1_402' title='bbox 1465 3440 1518 3470; x_wconf 86' lang='lat' dir='ltr'>ss.</span> <span class='ocrx_word' id='word_1_403' title='bbox 1528 3431 1688 3481; x_wconf 85' lang='lat' dir='ltr'>patrum</span> <span class='ocrx_word' id='word_1_404' title='bbox 1704 3429 1955 3479; x_wconf 86' lang='lat' dir='ltr'>sententiam,</span> 
     </span>
     <span class='ocr_line' id='line_1_42' title="bbox 126 3485 1802 3545; baseline 0.007 -21"><span class='ocrx_word' id='word_1_405' title='bbox 126 3485 166 3524; x_wconf 79' lang='lat' dir='ltr'>et</span> <span class='ocrx_word' id='word_1_406' title='bbox 182 3485 376 3536; x_wconf 86' lang='lat' dir='ltr'>quosdam</span> <span class='ocrx_word' id='word_1_407' title='bbox 398 3488 531 3530; x_wconf 87' lang='lat' dir='ltr'>textus</span> <span class='ocrx_word' id='word_1_408' title='bbox 554 3490 672 3541; x_wconf 86' lang='lat' dir='ltr'>citat,</span> <span class='ocrx_word' id='word_1_409' title='bbox 701 3493 777 3542; x_wconf 77' lang='lat' dir='ltr'>qui</span> <span class='ocrx_word' id='word_1_410' title='bbox 805 3491 906 3534; x_wconf 78' lang='lat' dir='ltr'>huic</span> <span class='ocrx_word' id='word_1_411' title='bbox 934 3503 1087 3534; x_wconf 78' lang='lat' dir='ltr'>revera</span> <span class='ocrx_word' id='word_1_412' title='bbox 1114 3496 1352 3535; x_wconf 73' lang='lat' dir='ltr'>sententiae</span> <span class='ocrx_word' id='word_1_413' title='bbox 1372 3493 1532 3545; x_wconf 80' lang='lat' dir='ltr'>favere</span> <span class='ocrx_word' id='word_1_414' title='bbox 1557 3494 1802 3536; x_wconf 76' lang='lat' dir='ltr'>videntur.»</span> 
     </span>
    </p>
   </div>
   <div class='ocr_carea' id='block_1_4' title="bbox 231 3574 1853 3626">
    <p class='ocr_par' dir='ltr' id='par_1_7' title="bbox 231 3574 1853 3626">
     <span class='ocr_line' id='line_1_43' title="bbox 231 3574 1853 3626; baseline 0.001 -10"><span class='ocrx_word' id='word_1_415' title='bbox 231 3574 297 3617; x_wconf 88' lang='lat'>111</span> <span class='ocrx_word' id='word_1_416' title='bbox 1827 3590 1853 3626; x_wconf 77' lang='lat'><strong>4</strong></span> 
     </span>
    </p>
   </div>
  </div>
 </body>
</html>
