2320 4030
415 234 487 293 θῇ
691 251 791 292 LIB.
827 248 906 290 111.
942 247 1084 288 SECT.
1122 248 1158 287 1.
1189 248 1253 287 DE
1283 248 1439 288 MATR.
1470 247 1671 288 CHRIST.
1701 249 1938 292 UMTATE.

411 365 580 411 teram
624 347 861 408 ducendi
899 367 1159 417 uxorem,
1210 346 1375 406 simul
1420 368 1483 406 ac
1525 347 1820 407 divortium
1865 371 1897 408 a
1940 350 2124 431 priore
2171 350 2250 410 ie-

410 446 659 526 gitimum
696 441 1005 501 declaratur
1032 444 1217 520 (156),

530 542 694 599 Porro
717 537 765 597 si
790 550 912 619 post
937 536 1098 597 civile
1119 537 1417 597 divortium
1449 537 1560 597 alia
1589 539 1826 597 ducatur
1847 561 2004 611 uxor,
2035 540 2251 620 absque

407 634 575 695 dubio
616 633 967 716 polygamiae
1010 645 1194 692 reatus
1232 632 1514 692 inducitur
1542 634 1836 693 damnatus
1869 656 1901 692 a
1930 634 2050 713 lege
2079 657 2251 694 evan-

408 731 583 812 gelica
630 744 685 790 et
729 729 1032 812 apostolica
1073 742 1239 810 atque
1276 751 1309 787 a
1345 731 1615 789 constanti
1661 730 1951 789 traditione
1987 743 2040 789 et
2076 752 2246 790 sensu

406 825 691 886 ecclesiae.
723 825 779 883 Si
817 825 963 884 enim
995 825 1097 884 rite
1132 823 1512 905 expendantur
1547 829 1691 906 'quae
1723 848 1789 884 ex
1811 825 2143 905 Evangelio,
2180 847 2246 885 ex

405 921 703 1003 ApostolO,
744 943 809 981 ex
843 921 1128 1003 patribus,
1168 919 1418 980 conciliis
1441 968 1453 991 ‚
1496 921 1852 1003 romanisque
1887 921 2248 1003 pontificibus

405 1018 738 1078 adduximus
792 1017 1118 1078 documenta
1154 1067 1167 1088 ‚
1226 1017 1435 1098 patebit
1477 1039 1544 1076 ea
1586 1018 1771 1077 omnia
1812 1018 1990 1097 magis
2041 1018 2250 1076 directe

404 1113 550 1173 hanc
592 1112 872 1173 secundae
915 1113 1119 1195 speciei
1166 1112 1538 1195 polygamiam
1576 1103 1866 1193 respicere.
1918 1113 2247 1172 Constanter

403 1209 550 1269 enim
594 1209 707 1269 fere
747 1207 1049 1290 loquuntur
1091 1209 1160 1268 de
1202 1208 1302 1280 iis,
1344 1208 1440 1290 qui
1481 1206 1669 1267 relicta
1705 1220 1800 1266 aut
1831 1207 2042 1267 abiecta
2075 1208 2242 1288 priori

402 1328 591 1377 uxore,
616 1306 842 1365 alteram
867 1305 1143 1364 duxerint.
1164 1303 1438 1374 Quocirca
1461 1325 1654 1363 omnes
1675 1303 1988 1363 istiusmodi
2020 1302 2246 1362 ulterio-

403 1423 491 1461 res
515 1402 740 1484 nuptiae
762 1401 986 1461 totidem
1010 1414 1139 1461 sunt
1160 1400 1413 1460 adulterii
1437 1399 1689 1470 crimina,
1718 1411 1907 1479 utpote
1931 1399 2096 1457 initae
2117 1420 2242 1458 cum

403 1497 798 1579 impedimento
828 1496 1118 1556 dirimente
1152 1497 1426 1576 liqamim's
1445 1541 1458 1563 ‚
1496 1494 1746 1575 adeoque
1775 1494 1980 1553 nullius
2010 1493 2235 1554 valoris.

524 1592 684 1662 Quod
726 1613 855 1651 vero
897 1591 1189 1672 speciatim
1235 1590 1425 1650 attinet
1468 1590 1538 1648 ad
1577 1588 1969 1660 mormonitaS,
2014 1610 2138 1648 cum
2183 1610 2245 1648 se

400 1688 732 1748 christianos
787 1688 1149 1768 profiteantur
1190 1709 1255 1747 eo
1298 1686 1447 1768 quod
1504 1686 1733 1745 credant
1783 1686 1840 1743 in
1881 1684 2241 1764 Evangelium

400 1794 453 1841 et
475 1783 532 1841 in
555 1782 845 1842 ecclesiam
875 1782 1244 1863 primitivam,
1282 1782 1338 1839 in
1369 1794 1618 1863 pastores
1650 1794 1703 1839 et
1732 1781 2015 1850 doctoreS,
2046 1779 2241 1838 saltem

398 1891 459 1937 ut
501 1878 609 1959 ipsi
652 1877 932 1936 affirmant
969 1878 1153 1955 (157),
1184 1889 1297 1936 tum
1329 1876 1400 1936 ab
1421 1875 1723 1955 Evangelio
1746 1887 1858 1933 tum
1883 1874 1952 1933 ab
1975 1873 2243 1933 ecclesiae

399 1973 710 2053 primitivae
740 1994 910 2033 sensu
941 1993 1006 2030 ac
1035 1972 1192 2054 praxi
1222 1972 1443 2031 abunde
1476 1971 1828 2042 refelluntur,
1860 1984 1975 2030 tum
1998 1992 2031 2029 a
2055 1981 2245 2051 pasto-

400 2068 555 2128 ribus
579 2089 644 2127 ac
666 2067 984 2128 doctoribus
1022 2068 1323 2127 universis.
1360 2062 1466 2126 Sed
1500 2067 1638 2127 haec
1680 2078 2005 2146 argumenta
2042 2087 2238 2146 parum

517 2269 625 2319 (¹56)
653 2271 711 2308 De
737 2268 880 2319 Anglia
905 2279 967 2308 res
990 2270 1051 2309 est
1074 2268 1287 2319 esplorata,
1311 2270 1401 2318 post
1423 2278 1544 2318 quam
1570 2268 1789 2307 divortium
1809 2278 2042 2308 concessum
2061 2269 2134 2306 est.

513 2334 624 2385 (157)
652 2336 755 2374 Sane
775 2334 968 2386 Iosephus
986 2333 1116 2374 Smith
1135 2334 1276 2373 auctor
1298 2334 1429 2373 sectae
1453 2333 1557 2372 inter
1579 2332 1771 2372 articulos
1797 2332 1945 2383 quibus
1966 2330 2237 2371 mormonicae

395 2400 487 2440 fidei
504 2400 790 2452 professionem
810 2400 987 2451 exhibet,
1008 2400 1140 2451 primo
1158 2400 1248 2439 loco
1265 2399 1423 2450 posuit:
1444 2400 1531 2439 Nos
1546 2399 1762 2439 credimus
1778 2401 1821 2438 in
1834 2402 1971 2438 Deum
1981 2400 2179 2445 Patrem,
2195 2400 2237 2436 ec

395 2469 440 2506 in
460 2465 628 2507 Filium
646 2468 737 2507 eius
762 2469 905 2507 Iesum
928 2466 1148 2507 Christum
1175 2467 1216 2505 et
1240 2467 1285 2505 in
1313 2467 1524 2516 Spiritum
1547 2467 1769 2505 Sanctum.
1786 2486 1798 2495 ·
1813 2464 1966 2504 Deinde
1987 2475 2083 2503 vero
2103 2466 2177 2503 art.
2198 2471 2233 2503 3.

399 2549 417 2566 κ
441 2534 528 2573 Nos
544 2531 760 2573 credimus
781 2532 884 2573 haec
906 2533 1119 2574 divinitus
1143 2543 1229 2572 esse
1249 2533 1450 2584 imposita
1476 2531 1530 2571 ab
1557 2531 1822 2582 Evanqelzo:
1856 2539 1889 2571 1.
1908 2531 2060 2571 Fidem
2087 2533 2131 2570 in
2162 2532 2238 2569 Do—

394 2601 562 2638 minum
587 2601 733 2639 Iesum
762 2599 996 2640 Christum.
1021 2607 1058 2640 2.
1077 2603 1407 2642 Poenitentiam.
1432 2608 1468 2641 3.
1490 2604 1716 2653 Baptisma
1744 2611 1826 2652 per
1852 2602 2165 2640 immersionem
2191 2602 2235 2638 in

394 2667 684 2706 remissionem
705 2668 998 2718 peccatorum.
1010 2669 1094 2707 Art.
1107 2674 1143 2707 6.
1156 2670 1244 2708 Nos
1261 2667 1476 2708 credimus
1492 2670 1536 2708 in
1556 2667 1736 2709 eandem
1755 2669 2106 2708 constitutionem
2122 2676 2236 2718 quae

392 2733 539 2772 extitit
562 2734 607 2772 in
631 2734 862 2783 primitiva
888 2732 1090 2782 ecclesia,
1118 2733 1164 2774 id
1190 2735 1253 2774 cst
1281 2734 1523 2785 apostolos,
1549 2733 1808 2786 prophetas,
1832 2735 2057 2784 pastores,
2093 2732 2234 2772 docto·

393 2807 481 2846 res,
516 2797 819 2848 evanqelistas.
855 2799 939 2838 Art.
971 2804 1007 2838 8.
1030 2801 1119 2838 Nos
1154 2798 1369 2839 credimus
1394 2799 1542 2839 Biblia
1572 2811 1658 2840 esse
1687 2799 1868 2839 verbum
1892 2802 2016 2839 Dei...
2028 2800 2165 2849 prout
2191 2800 2233 2837 et

391 2862 606 2903 credimus
635 2862 797 2903 librum
818 2866 1054 2905 Mormonis
1071 2876 1158 2905 esse
1175 2865 1354 2906 verbum
1381 2868 1468 2906 Dei.
1488 2868 1568 2906 Nos
1594 2866 1798 2920 credimus
1825 2863 2027 2916 quidquid
2046 2867 2154 2903 Deus
2177 2875 2235 2903 re·

396 2927 572 2975 velavit,
596 2929 637 2967 et
653 2928 851 2980 quidquid
882 2929 1004 2969 modo
1031 2930 1203 2980 revelat,
1234 2931 1517 2983 credimusque
1548 2942 1639 2971 eum
1671 2932 1748 2972 alia
1782 2932 1897 2982 plura
1928 2941 2014 2970 esse
2040 2930 2235 2970 revelatu-

392 3004 481 3033 rum
510 2993 629 3033 multi
657 2995 877 3044 momenti,
913 3006 1017 3046 quae
1048 2996 1099 3035 ad
1132 2997 1206 3036 Dei
1238 3008 1404 3047 regnum
1437 2997 1649 3048 pertinent.
1681 2997 1893 3037 credimus
1919 2996 2004 3035 fore
2036 2996 2081 3035 ut
2110 2995 2233 3034 Israel

391 3059 599 3100 literaliter
632 3063 917 3111 congregetur,
952 3060 1172 3111 decemque
1202 3062 1332 3101 trihus
1362 3063 1636 3102 instaurentur
1654 3093 1665 3112 ‚
1695 3064 1733 3103 et
1763 3063 1859 3102 Sion
1893 3062 1935 3101 in
1967 3062 2042 3101 hac
2074 3061 2235 3111 regione

393 3127 558 3177 (nempe
575 3125 615 3165 in
633 3126 818 3166 America
836 3127 1163 3178 septentrionali)
1182 3126 1435 3179 aedificetur,
1456 3130 1497 3168 et
1515 3129 1699 3169 Christus
1716 3128 1978 3181 personaliter
1993 3128 2035 3166 in
2052 3128 2156 3167 terra
2174 3137 2233 3168 re-

390 3195 495 3244 gnet.
515 3194 583 3233 Ius
607 3192 722 3233 nobis
749 3194 964 3233 asserImus
991 3193 1185 3233 adorandi
1214 3193 1529 3244 omnipotentem
1553 3197 1681 3234 Deum
1703 3194 1815 3235 iuxta
1838 3195 2016 3235 nostram
2037 3194 2235 3234 conscien-

390 3259 506 3309 tiam,
520 3258 709 3309 idemque
728 3259 984 3310 privilegium
998 3259 1187 3299 omnibus
1206 3259 1465 3299 concedimus
1483 3260 1680 3311 quidquid
1693 3291 1704 3310 ,
1719 3262 1759 3300 et
1774 3260 1979 3311 quomodo
1996 3271 2042 3299 ac
2059 3259 2235 3300 ubicum-

390 3337 470 3377 que
487 3324 620 3365 colere
635 3325 802 3365 velint.»
815 3327 985 3365 Demum
999 3325 1206 3365 concludit
1220 3325 1336 3365 «Dici
1350 3327 1481 3376 potest
1495 3337 1567 3365 nos
1582 3326 1695 3376 sequi
1714 3327 1827 3366 Pauli
1848 3326 2045 3366 monitum
2061 3357 2072 3375 ,
2097 3326 2234 3365 omnia

389 3391 612 3441 credimus,
638 3391 776 3432 omnia
804 3402 1025 3443 speramus.
1049 3394 1136 3431 «An
1156 3391 1346 3443 oriqinal
1374 3391 1546 3444 hystory
1566 3394 1644 3433 elc.
1665 3404 1704 3444 p.
1727 3396 1842 3433 411.»
1862 3395 1911 3432 In
1932 3393 2007 3433 hac
2028 3392 2121 3432 fidei
2142 3404 2229 3443 pro-

391 3458 563 3499 fessione
583 3468 633 3498 ne
670 3458 838 3498 verbum
871 3457 1036 3509 quidem
1063 3458 1177 3498 adest
1203 3457 1254 3497 de
1275 3458 1515 3509 polygamia.
1530 3460 1580 3498 At
1598 3459 1766 3499 solemni
1788 3460 1901 3510 praxi
1922 3458 1964 3499 id
1981 3460 2118 3511 postea
2137 3458 2230 3498 sassi

391 3527 482 3565 sunt
511 3524 790 3566 huiuscemodi
811 3527 953 3566 sancti
976 3525 1086 3575 quod
1108 3526 1158 3565 ab
1179 3525 1294 3565 initio
1314 3526 1444 3566 verbis
1464 3526 1641 3576 profiteri
1663 3538 1742 3566 non
1767 3528 1982 3567 audebant.
