2320 4030
380 279 490 318 CAP.
523 280 557 317 1.
587 279 650 317 DE
682 277 964 318 ponemus
994 275 1331 317 smumANEA.
1359 276 1473 314 Aur.
1510 275 1581 314 iv.
1806 257 1872 312 61

182 372 329 433 Adeo
357 396 485 433 vero
507 375 575 432 ab
605 375 710 432 hac
738 373 1052 454 polygamia
1094 372 1421 431 simultanea
1449 371 1630 430 aliena
1661 392 1878 452 semper

65 469 240 527 extitit
271 469 537 539 ecclesia,
573 483 633 528 ut
661 457 838 548 neque
865 466 1108 544 legitima
1143 466 1398 526 habuerit
1426 466 1701 526 connubia
1731 487 1890 546 quae·

68 577 191 642 post
232 563 465 643 primam
508 583 730 621 uxorem
772 559 1168 620 celebraverint
1202 559 1475 619 infideles.
1504 561 1728 630 Quoties
1757 581 1883 641 pro-

65 656 194 715 inde
235 658 463 736 contigit
501 669 561 714 ut
601 654 803 734 aliquis
854 654 1100 734 ipsorum
1143 653 1213 711 ad
1255 653 1578 731 religionem
1634 655 1883 713 christia-

70 773 196 809 nam
234 763 663 819 converteretur‚
703 748 862 807 toties
900 748 1109 826 exegit,
1151 746 1318 806 veluti
1365 748 1733 808 conditionem
1765 749 1884 808 sine

69 869 179 926 qua
199 867 306 905 non
328 845 662 905 conferretur
681 843 729 902 ei
755 843 1030 923 baptisma
1048 890 1060 913 ‚
1085 854 1145 900 ut
1166 842 1321 921 prius
1349 841 1680 902 valediceret
1707 844 1884 903 omni-

67 941 171 999 bus
206 939 467 998 uxoribus
499 959 638 1017 quas
668 950 792 1017 post
823 937 1056 1017 primam
1086 936 1359 994 duxisset.
1403 935 1514 994 Cur
1541 936 1685 994 enim
1714 958 1842 997 vero
1857 933 1890 994 (ἴ

69 1034 188 1091 Nisi
230 1033 361 1112 quia
395 1031 628 1090 ecclesia
672 1052 972 1110 numquam
1014 1043 1075 1089 ut
1117 1029 1390 1108 legitimas
1433 1052 1631 1089 uxores
1662 1052 1757 1090 eas
1786 1031 1887 1090 ha-

67 1128 159 1184 bet
178 1126 434 1184 mulieres
458 1147 600 1205 quae
622 1138 744 1205 post
765 1124 998 1205 primam
1021 1124 1313 1183 ducuntur.
1344 1125 1560 1183 Etenim
1591 1125 1700 1206 ipsi
1722 1126 1886 1185 etiam

70 1221 319 1279 infideles
352 1220 472 1299 lege
502 1220 691 1279 divina
726 1231 976 1278 tenentur
1016 1219 1293 1299 adeoque,
1342 1220 1617 1300 quidquid
1660 1242 1888 1280 censen—

67 1317 198 1374 dum
242 1316 314 1374 sit
355 1317 422 1374 de
464 1329 687 1374 naturae
727 1315 878 1393 lege,
929 1328 1025 1374 aut
1065 1315 1134 1374 de
1176 1315 1294 1373 iure
1336 1315 1525 1375 divino
1556 1330 1682 1375 ante
1710 1317 1889 1375 Evan-

69 1410 301 1489 gelium,
344 1432 467 1468 cum
504 1423 709 1468 certum
753 1410 823 1468 sit
865 1431 930 1468 ex
972 1409 1093 1488 lege
1134 1409 1452 1488 evangelica
1493 1411 1717 1469 omnino
1762 1411 1887 1470 abo-

69 1505 218 1562 litam
244 1552 254 1573 ,
293 1526 356 1562 ac
386 1525 611 1583 prorsus
654 1504 986 1584 prohibitam
1016 1503 1189 1562 fuisse
1218 1504 1610 1584 polygamiam⁷
1643 1506 1883 1586 profecto

71 1621 170 1656 nec
213 1598 320 1677 ipsi
366 1597 617 1656 infideles
660 1597 871 1678 absque
913 1594 1130 1678 piaculo
1161 1598 1270 1656 iam
1300 1613 1534 1678 possunt
1569 1600 1755 1679 plures
1794 1601 1888 1660 du-

71 1714 191 1751 cere
219 1714 435 1751 uxores.
467 1692 737 1761 Quocirca
773 1693 876 1751 etsi
910 1714 976 1750 ex
1011 1692 1320 1770 ignorantia
1362 1693 1468 1751 hac
1510 1693 1565 1750 in
1603 1709 1892 1754 consuetu-

70 1788 198 1845 dine
240 1787 426 1867 aliquo
455 1787 617 1846 modo
652 1787 902 1846 excusari
947 1787 1163 1866 possint
1191 1834 1203 1858 ‚
1251 1809 1375 1845 cum
1420 1788 1662 1846 nondum
1691 1790 1772 1849 eis
1806 1791 1892 1849 lex

71 1882 386 1960 evangelica
429 1881 772 1962 promulgata
812 1895 929 1951 est,
964 1895 1148 1940 tamen
1177 1903 1302 1940 cum
1346 1882 1487 1962 ipsis
1530 1884 1891 1963 Evangelium

70 1990 152 2036 est
192 1988 534 2057 perspectum
559 1970 682 2047 ‚eo
724 1977 848 2056 ipso
889 1976 1076 2055 plures
1120 1998 1316 2036 uxores
1361 1977 1593 2036 retinere
1624 2000 1733 2039 non
1764 2003 1893 2061 pos-

71 2085 231 2142 sunt,
273 2072 520 2152 adeoque
553 2084 823 2150 coguntur
844 2093 938 2130 eas
970 2071 1223 2130 deserere
1252 2093 1375 2129 cum
1409 2071 1727 2150 religionem
1756 2075 1896 2133 chri-

71 2168 304 2225 stianam
348 2168 707 2247 profitentur,
752 2179 813 2225 ut
853 2167 1060 2247 pluries
1104 2167 1439 2226 declaratum
1476 2180 1560 2227 est
1589 2191 1622 2227 a
1653 2173 1892 2230 romanis

73 2261 425 2340 pontificibus
455 2264 639 2339 (155).

194 2356 341 2413 Haec
383 2368 564 2414 autem
610 2378 754 2436 quae
795 2357 1035 2415 diximus
1079 2357 1375 2415 ostendunt
1416 2358 1788 2438 polygamiam
1818 2361 1895 2419 si-

74 2450 403 2508 multaneam
446 2452 521 2509 ita
561 2453 782 2511 vetitam
813 2474 936 2510 esse
964 2465 1024 2510 ut
1057 2474 1236 2532 neque
1269 2452 1455 2533 plures
1492 2453 1655 2511 simul
1699 2476 1894 2513 uxores

74 2543 263 2600 haberi
307 2545 555 2624 possint,
604 2567 783 2626 neque
824 2545 994 2604 altera
1038 2546 1165 2604 duci
1198 2559 1322 2626 post
1352 2546 1640 2625 repudium
1672 2548 1789 2606 sive
1818 2549 1897 2606 al-

77 2637 244 2694 terius
289 2632 406 2696 sive
448 2640 686 2719 plurium
743 2641 974 2699 aliarum
1025 2663 1276 2700 uxorum.
1327 2642 1407 2698 De
1459 2642 1634 2721 prima
1676 2643 1897 2723 polyga-

79 2731 222 2787 miae
258 2732 438 2810 specie
480 2732 570 2790 vix
612 2735 862 2812 quaestio
904 2755 1026 2792 esse
1069 2747 1274 2813 potest,
1310 2756 1435 2792 cum
1471 2756 1634 2792 casus
1672 2735 1777 2793 iste
1803 2738 1894 2796 vix

77 2837 170 2881 aut
192 2846 258 2881 ne
280 2824 369 2882 vix
393 2825 614 2903 quidem
651 2826 737 2885 vel
775 2828 915 2885 inter
952 2819 1105 2906 ipsos
1139 2840 1505 2907 protestantes
1529 2877 1540 2899 ,
1578 2830 1747 2889 multo
1767 2853 1895 2890 vero

78 2918 259 2975 minus
302 2919 442 2976 inter
484 2920 781 2979 catholicos
823 2921 1002 2979 locum
1055 2921 1294 2992 habeat;
1333 2923 1437 2981 >ast
1478 2945 1586 2982 non
1635 2939 1719 2983 est
1759 2927 1895 2985 adeo

78 3012 320 3070 insolens
358 3012 702 3093 polygamiae
743 3016 955 3096 species
989 3015 1184 3088 altera,
1222 3030 1282 3076 ut
1310 3017 1378 3075 ab
1416 3018 1572 3078 initio
1616 3020 1886 3093 diximuS,

78 3106 210 3184 quin
250 3107 358 3165 imo
398 3109 608 3187 passim
647 3124 863 3190 recepta
891 3124 975 3170 est
1004 3111 1073 3169 ab
1103 3111 1214 3170 illis
1245 3113 1505 3172 omnibus
1542 3136 1712 3194 penes
1755 3138 1894 3196 quos

77 3198 284 3259 obtinet
323 3201 407 3258 lex
441 3202 618 3261 civilis
646 3203 714 3261 de
744 3204 976 3265 divortio
1006 3227 1118 3285 qua
1146 3205 1308 3264 etiam
1346 3207 1508 3265 datur
1542 3208 1771 3268 facultas
1810 3209 1888 3269 al-

196 3411 302 3461 (155)
327 3414 452 3453 Cuius
482 3415 534 3454 rei
557 3414 598 3455 in
617 3417 810 3467 superiori
839 3417 941 3457 libro
968 3419 1082 3468 plura
1112 3430 1211 3458 rom.
1232 3420 1464 3469 pontificum
1493 3432 1539 3460 ac
1568 3432 1670 3462 rom.
1691 3431 1895 3472 congrega-

78 3473 230 3515 tionum
260 3476 418 3518 decreta
444 3479 642 3519 dedimus.
