<?xml version="1.0" encoding="UTF-8"?>
<!DOCTYPE html PUBLIC "-//W3C//DTD XHTML 1.0 Transitional//EN"
    "http://www.w3.org/TR/xhtml1/DTD/xhtml1-transitional.dtd">
<html xmlns="http://www.w3.org/1999/xhtml" xml:lang="en" lang="en">
 <head>
  <title>
</title>
<meta http-equiv="Content-Type" content="text/html;charset=utf-8" />
  <meta name='ocr-system' content='tesseract 3.04.00' />
  <meta name='ocr-capabilities' content='ocr_page ocr_carea ocr_par ocr_line ocrx_word'/>
</head>
<body>
  <div class='ocr_page' id='page_1' title='image "a603380703perruoft_0028.png"; bbox 0 0 2320 4030; ppageno 0'>
   <div class='ocr_carea' id='block_1_1' title="bbox 352 245 1901 307">
    <p class='ocr_par' dir='ltr' id='par_1_1' title="bbox 352 245 1901 307">
     <span class='ocr_line' id='line_1_1' title="bbox 352 245 1901 307; baseline 0.005 -8"><span class='ocrx_word' id='word_1_1' title='bbox 352 245 423 300; x_wconf 66' lang='lat'>24</span> <span class='ocrx_word' id='word_1_2' title='bbox 636 266 732 302; x_wconf 75' lang='grc' dir='ltr'>ΗΒ.</span> <span class='ocrx_word' id='word_1_3' title='bbox 772 265 847 302; x_wconf 84' lang='grc' dir='ltr'>ΙΙΙ.</span> <span class='ocrx_word' id='word_1_4' title='bbox 888 264 1030 301; x_wconf 73' lang='lat' dir='ltr'>SEC&#39;r.</span> <span class='ocrx_word' id='word_1_5' title='bbox 1071 265 1104 300; x_wconf 89' lang='lat'>1.</span> <span class='ocrx_word' id='word_1_6' title='bbox 1149 265 1208 302; x_wconf 83' lang='lat' dir='ltr'>DE</span> <span class='ocrx_word' id='word_1_7' title='bbox 1242 265 1630 304; x_wconf 64' lang='lat' dir='ltr'>hiA&#39;l‘tt.CHR1s‘1¹.</span> <span class='ocrx_word' id='word_1_8' title='bbox 1664 267 1901 307; x_wconf 74' lang='lat' dir='ltr'>t‘M&#39;rA‘rE.</span> 
     </span>
    </p>
   </div>
   <div class='ocr_carea' id='block_1_2' title="bbox 344 360 2213 3147">
    <p class='ocr_par' dir='ltr' id='par_1_2' title="bbox 344 360 2211 1598">
     <span class='ocr_line' id='line_1_2' title="bbox 349 360 2204 444; baseline 0.005 -26"><span class='ocrx_word' id='word_1_9' title='bbox 349 361 719 419; x_wconf 83' lang='lat' dir='ltr'>adulterinum</span> <span class='ocrx_word' id='word_1_10' title='bbox 761 360 1076 439; x_wconf 77' lang='lat' dir='ltr'>coniugium</span> <span class='ocrx_word' id='word_1_11' title='bbox 1120 363 1291 441; x_wconf 86' lang='lat' dir='ltr'>prolis</span> <span class='ocrx_word' id='word_1_12' title='bbox 1338 364 1546 422; x_wconf 89' lang='lat' dir='ltr'>honore</span> <span class='ocrx_word' id='word_1_13' title='bbox 1590 364 1850 444; x_wconf 79' lang='lat' dir='ltr'>dignatus</span> <span class='ocrx_word' id='word_1_14' title='bbox 1882 368 2060 427; x_wconf 85' lang='lat' dir='ltr'>fuerit.</span> <span class='ocrx_word' id='word_1_15' title='bbox 2099 370 2204 428; x_wconf 83' lang='lat' dir='ltr'>Sed</span> 
     </span>
     <span class='ocr_line' id='line_1_3' title="bbox 351 456 2202 536; baseline 0.007 -24"><span class='ocrx_word' id='word_1_16' title='bbox 351 458 421 515; x_wconf 87' lang='lat' dir='ltr'>ita</span> <span class='ocrx_word' id='word_1_17' title='bbox 482 458 752 515; x_wconf 89' lang='lat' dir='ltr'>interdum</span> <span class='ocrx_word' id='word_1_18' title='bbox 798 456 1085 516; x_wconf 87' lang='lat' dir='ltr'>beneficiis</span> <span class='ocrx_word' id='word_1_19' title='bbox 1132 473 1302 518; x_wconf 86' lang='lat' dir='ltr'>certat</span> <span class='ocrx_word' id='word_1_20' title='bbox 1347 482 1491 518; x_wconf 80' lang='lat' dir='ltr'>cuin·</span> <span class='ocrx_word' id='word_1_21' title='bbox 1520 461 1807 520; x_wconf 89' lang='lat' dir='ltr'>hominum</span> <span class='ocrx_word' id='word_1_22' title='bbox 1855 464 2102 536; x_wconf 82' lang='lat' dir='ltr'>malitia⁷</span> <span class='ocrx_word' id='word_1_23' title='bbox 2150 482 2202 525; x_wconf 86' lang='lat' dir='ltr'>et</span> 
     </span>
     <span class='ocr_line' id='line_1_4' title="bbox 348 554 2207 636; baseline 0.006 -27"><span class='ocrx_word' id='word_1_24' title='bbox 348 554 605 632; x_wconf 75' lang='lat' dir='ltr'>indignos</span> <span class='ocrx_word' id='word_1_25' title='bbox 645 574 747 611; x_wconf 82' lang='lat' dir='ltr'>sua</span> <span class='ocrx_word' id='word_1_26' title='bbox 783 554 961 632; x_wconf 75' lang='lat' dir='ltr'>gratia</span> <span class='ocrx_word' id='word_1_27' title='bbox 1009 556 1467 636; x_wconf 88' lang='lat' dir='ltr'>prosequitur....</span> <span class='ocrx_word' id='word_1_28' title='bbox 1492 557 1662 616; x_wconf 90' lang='lat' dir='ltr'>Paulo</span> <span class='ocrx_word' id='word_1_29' title='bbox 1702 573 1828 617; x_wconf 90' lang='lat' dir='ltr'>ante</span> <span class='ocrx_word' id='word_1_30' title='bbox 1867 560 2047 620; x_wconf 88' lang='lat' dir='ltr'>Moses</span> <span class='ocrx_word' id='word_1_31' title='bbox 2078 584 2207 621; x_wconf 81' lang='lat' dir='ltr'>uxo-</span> 
     </span>
     <span class='ocr_line' id='line_1_5' title="bbox 347 649 2201 735; baseline 0.003 -29"><span class='ocrx_word' id='word_1_32' title='bbox 347 671 459 707; x_wconf 89' lang='lat' dir='ltr'>rem</span> <span class='ocrx_word' id='word_1_33' title='bbox 498 649 713 708; x_wconf 84' lang='lat' dir='ltr'>vocavit</span> <span class='ocrx_word' id='word_1_34' title='bbox 753 649 913 709; x_wconf 88' lang='lat' dir='ltr'>Bilha</span> <span class='ocrx_word' id='word_1_35' title='bbox 956 674 1099 733; x_wconf 89' lang='lat' dir='ltr'>quae</span> <span class='ocrx_word' id='word_1_36' title='bbox 1144 666 1327 711; x_wconf 88' lang='lat' dir='ltr'>tamen</span> <span class='ocrx_word' id='word_1_37' title='bbox 1354 653 1539 733; x_wconf 71' lang='lat' dir='ltr'>pellem</span> <span class='ocrx_word' id='word_1_38' title='bbox 1562 654 1672 713; x_wconf 90' lang='lat' dir='ltr'>dici</span> <span class='ocrx_word' id='word_1_39' title='bbox 1697 655 2013 714; x_wconf 87' lang='lat' dir='ltr'>merebatur</span> <span class='ocrx_word' id='word_1_40' title='bbox 2040 659 2201 735; x_wconf 82' lang='lat'>(46)»</span> 
     </span>
     <span class='ocr_line' id='line_1_6' title="bbox 346 746 2206 834; baseline 0.005 -32"><span class='ocrx_word' id='word_1_41' title='bbox 346 759 397 803; x_wconf 88' lang='lat' dir='ltr'>et</span> <span class='ocrx_word' id='word_1_42' title='bbox 439 746 515 803; x_wconf 90' lang='lat' dir='ltr'>ita</span> <span class='ocrx_word' id='word_1_43' title='bbox 561 769 743 827; x_wconf 88' lang='lat' dir='ltr'>porro.</span> <span class='ocrx_word' id='word_1_44' title='bbox 786 747 1052 829; x_wconf 75' lang='lat' dir='ltr'>Adeoque</span> <span class='ocrx_word' id='word_1_45' title='bbox 1114 749 1262 807; x_wconf 83' lang='lat' dir='ltr'>iuxta</span> <span class='ocrx_word' id='word_1_46' title='bbox 1308 748 1599 808; x_wconf 88' lang='lat' dir='ltr'>Calvinum</span> <span class='ocrx_word' id='word_1_47' title='bbox 1646 751 1811 830; x_wconf 90' lang='lat' dir='ltr'>primi</span> <span class='ocrx_word' id='word_1_48' title='bbox 1857 753 2206 834; x_wconf 76' lang='lat' dir='ltr'>patriarchae</span> 
     </span>
     <span class='ocr_line' id='line_1_7' title="bbox 347 841 2208 929; baseline 0.005 -31"><span class='ocrx_word' id='word_1_49' title='bbox 347 841 539 921; x_wconf 91' lang='lat' dir='ltr'>populi</span> <span class='ocrx_word' id='word_1_50' title='bbox 564 843 699 913; x_wconf 86' lang='lat' dir='ltr'>Dei,</span> <span class='ocrx_word' id='word_1_51' title='bbox 751 844 846 924; x_wconf 92' lang='lat' dir='ltr'>qui</span> <span class='ocrx_word' id='word_1_52' title='bbox 892 844 1032 903; x_wconf 88' lang='lat' dir='ltr'>adeo</span> <span class='ocrx_word' id='word_1_53' title='bbox 1078 845 1230 903; x_wconf 89' lang='lat' dir='ltr'>chari</span> <span class='ocrx_word' id='word_1_54' title='bbox 1278 845 1393 903; x_wconf 91' lang='lat' dir='ltr'>Deo</span> <span class='ocrx_word' id='word_1_55' title='bbox 1439 844 1660 904; x_wconf 89' lang='lat' dir='ltr'>fuerunt</span> <span class='ocrx_word' id='word_1_56' title='bbox 1691 847 1747 904; x_wconf 87' lang='lat' dir='ltr'>in</span> <span class='ocrx_word' id='word_1_57' title='bbox 1780 861 2046 929; x_wconf 87' lang='lat' dir='ltr'>perpetuo</span> <span class='ocrx_word' id='word_1_58' title='bbox 2077 870 2208 908; x_wconf 87' lang='lat' dir='ltr'>con—</span> 
     </span>
     <span class='ocr_line' id='line_1_8' title="bbox 346 937 2210 1024; baseline 0.005 -29"><span class='ocrx_word' id='word_1_59' title='bbox 346 937 597 998; x_wconf 83' lang='lat' dir='ltr'>tubernio</span> <span class='ocrx_word' id='word_1_60' title='bbox 620 961 684 998; x_wconf 89' lang='lat' dir='ltr'>ac</span> <span class='ocrx_word' id='word_1_61' title='bbox 708 940 1074 1000; x_wconf 77' lang='lat' dir='ltr'>fornicatione</span> <span class='ocrx_word' id='word_1_62' title='bbox 1107 964 1205 999; x_wconf 89' lang='lat' dir='ltr'>seu</span> <span class='ocrx_word' id='word_1_63' title='bbox 1240 939 1513 999; x_wconf 90' lang='lat' dir='ltr'>adulterio</span> <span class='ocrx_word' id='word_1_64' title='bbox 1543 943 1746 1002; x_wconf 88' lang='lat' dir='ltr'>versati</span> <span class='ocrx_word' id='word_1_65' title='bbox 1785 943 2052 1016; x_wconf 87' lang='lat' dir='ltr'>fuissent,</span> <span class='ocrx_word' id='word_1_66' title='bbox 2090 968 2210 1024; x_wconf 81' lang='lat' dir='ltr'>gra-</span> 
     </span>
     <span class='ocr_line' id='line_1_9' title="bbox 347 1034 2207 1122; baseline 0.004 -31"><span class='ocrx_word' id='word_1_67' title='bbox 347 1034 707 1116; x_wconf 87' lang='lat' dir='ltr'>vissimisque</span> <span class='ocrx_word' id='word_1_68' title='bbox 752 1035 1134 1095; x_wconf 86' lang='lat' dir='ltr'>habitualibus</span> <span class='ocrx_word' id='word_1_69' title='bbox 1178 1038 1338 1095; x_wconf 82' lang='lat' dir='ltr'>noxis</span> <span class='ocrx_word' id='word_1_70' title='bbox 1384 1058 1444 1095; x_wconf 90' lang='lat' dir='ltr'>se</span> <span class='ocrx_word' id='word_1_71' title='bbox 1487 1038 2021 1110; x_wconf 81' lang='lat' dir='ltr'>commaculassent,</span> <span class='ocrx_word' id='word_1_72' title='bbox 2072 1043 2207 1122; x_wconf 89' lang='lat' dir='ltr'>quin</span> 
     </span>
     <span class='ocr_line' id='line_1_10' title="bbox 347 1133 2208 1213; baseline 0.004 -25"><span class='ocrx_word' id='word_1_73' title='bbox 347 1144 529 1189; x_wconf 86' lang='lat' dir='ltr'>tamen</span> <span class='ocrx_word' id='word_1_74' title='bbox 575 1133 690 1191; x_wconf 88' lang='lat' dir='ltr'>Deo</span> <span class='ocrx_word' id='word_1_75' title='bbox 743 1133 955 1213; x_wconf 88' lang='lat' dir='ltr'>accepti</span> <span class='ocrx_word' id='word_1_76' title='bbox 1001 1156 1127 1193; x_wconf 90' lang='lat' dir='ltr'>esse</span> <span class='ocrx_word' id='word_1_77' title='bbox 1171 1134 1492 1192; x_wconf 79' lang='lat' dir='ltr'>desiissent.</span> <span class='ocrx_word' id='word_1_78' title='bbox 1546 1135 1726 1193; x_wconf 87' lang='lat' dir='ltr'>Moses</span> <span class='ocrx_word' id='word_1_79' title='bbox 1772 1135 1904 1194; x_wconf 91' lang='lat' dir='ltr'>dum</span> <span class='ocrx_word' id='word_1_80' title='bbox 1950 1137 2208 1196; x_wconf 89' lang='lat' dir='ltr'>Rachelis</span> 
     </span>
     <span class='ocr_line' id='line_1_11' title="bbox 345 1227 2206 1312; baseline 0.004 -28"><span class='ocrx_word' id='word_1_81' title='bbox 345 1227 606 1287; x_wconf 84' lang='lat' dir='ltr'>ancillam</span> <span class='ocrx_word' id='word_1_82' title='bbox 656 1229 818 1288; x_wconf 84' lang='lat' dir='ltr'>lacob</span> <span class='ocrx_word' id='word_1_83' title='bbox 873 1253 1095 1288; x_wconf 73' lang='lat' dir='ltr'>umorem</span> <span class='ocrx_word' id='word_1_84' title='bbox 1136 1232 1403 1300; x_wconf 80' lang='lat' dir='ltr'>vocavit,</span> <span class='ocrx_word' id='word_1_85' title='bbox 1456 1231 1694 1312; x_wconf 84' lang='lat' dir='ltr'>turpiter</span> <span class='ocrx_word' id='word_1_86' title='bbox 1747 1248 2027 1305; x_wconf 84' lang='lat' dir='ltr'>errasset,</span> <span class='ocrx_word' id='word_1_87' title='bbox 2083 1257 2206 1293; x_wconf 89' lang='lat' dir='ltr'>cum</span> 
     </span>
     <span class='ocr_line' id='line_1_12' title="bbox 344 1325 2209 1411; baseline 0.004 -29"><span class='ocrx_word' id='word_1_88' title='bbox 344 1325 599 1404; x_wconf 85' lang='lat' dir='ltr'>pellicem</span> <span class='ocrx_word' id='word_1_89' title='bbox 647 1326 831 1384; x_wconf 80' lang='lat' dir='ltr'>dicere</span> <span class='ocrx_word' id='word_1_90' title='bbox 875 1349 995 1385; x_wconf 87' lang='lat' dir='ltr'>eam</span> <span class='ocrx_word' id='word_1_91' title='bbox 1042 1327 1348 1386; x_wconf 87' lang='lat' dir='ltr'>debuisset.</span> <span class='ocrx_word' id='word_1_92' title='bbox 1379 1328 1500 1386; x_wconf 93' lang='lat' dir='ltr'>Huc</span> <span class='ocrx_word' id='word_1_93' title='bbox 1534 1327 1788 1407; x_wconf 89' lang='lat' dir='ltr'>perducit</span> <span class='ocrx_word' id='word_1_94' title='bbox 1818 1343 2063 1410; x_wconf 74' lang='lat' dir='ltr'>systema</span> <span class='ocrx_word' id='word_1_95' title='bbox 2093 1333 2209 1411; x_wconf 91' lang='lat' dir='ltr'>spi—</span> 
     </span>
     <span class='ocr_line' id='line_1_13' title="bbox 345 1421 2211 1505; baseline 0.004 -28"><span class='ocrx_word' id='word_1_96' title='bbox 345 1421 485 1480; x_wconf 90' lang='lat' dir='ltr'>ritus</span> <span class='ocrx_word' id='word_1_97' title='bbox 533 1422 730 1502; x_wconf 85' lang='lat' dir='ltr'>privati</span> <span class='ocrx_word' id='word_1_98' title='bbox 778 1424 833 1480; x_wconf 91' lang='lat' dir='ltr'>in</span> <span class='ocrx_word' id='word_1_99' title='bbox 878 1424 1286 1504; x_wconf 73' lang='lat' dir='ltr'>scripturarum</span> <span class='ocrx_word' id='word_1_100' title='bbox 1333 1423 1816 1503; x_wconf 72' lang='lat' dir='ltr'>interpretatione,</span> <span class='ocrx_word' id='word_1_101' title='bbox 1866 1438 2030 1505; x_wconf 89' lang='lat' dir='ltr'>atque</span> <span class='ocrx_word' id='word_1_102' title='bbox 2075 1428 2211 1485; x_wconf 87' lang='lat' dir='ltr'>anti-</span> 
     </span>
     <span class='ocr_line' id='line_1_14' title="bbox 345 1518 1080 1598; baseline 0.004 -23"><span class='ocrx_word' id='word_1_103' title='bbox 345 1519 587 1598; x_wconf 87' lang='lat' dir='ltr'>cipatum</span> <span class='ocrx_word' id='word_1_104' title='bbox 635 1518 904 1578; x_wconf 86' lang='lat' dir='ltr'>iudicium</span> <span class='ocrx_word' id='word_1_105' title='bbox 935 1522 1080 1598; x_wconf 70' lang='lat'>(47).</span> 
     </span>
    </p>

    <p class='ocr_par' dir='ltr' id='par_1_3' title="bbox 345 1617 2213 3147">
     <span class='ocr_line' id='line_1_15' title="bbox 468 1617 2213 1696; baseline 0.002 -24"><span class='ocrx_word' id='word_1_106' title='bbox 468 1617 661 1696; x_wconf 88' lang='lat' dir='ltr'>Itaque</span> <span class='ocrx_word' id='word_1_107' title='bbox 706 1639 773 1674; x_wconf 90' lang='lat' dir='ltr'>ne</span> <span class='ocrx_word' id='word_1_108' title='bbox 819 1618 875 1674; x_wconf 91' lang='lat' dir='ltr'>in</span> <span class='ocrx_word' id='word_1_109' title='bbox 920 1618 1196 1677; x_wconf 89' lang='lat' dir='ltr'>eiusmodi</span> <span class='ocrx_word' id='word_1_110' title='bbox 1247 1619 1563 1677; x_wconf 87' lang='lat' dir='ltr'>incidamus</span> <span class='ocrx_word' id='word_1_111' title='bbox 1611 1618 1892 1690; x_wconf 83' lang='lat' dir='ltr'>absurda,</span> <span class='ocrx_word' id='word_1_112' title='bbox 1942 1619 2213 1678; x_wconf 83' lang='lat' dir='ltr'>fateamur</span> 
     </span>
     <span class='ocr_line' id='line_1_16' title="bbox 345 1714 2212 1796; baseline 0.003 -27"><span class='ocrx_word' id='word_1_113' title='bbox 345 1735 575 1772; x_wconf 89' lang='lat' dir='ltr'>necesse</span> <span class='ocrx_word' id='word_1_114' title='bbox 606 1728 690 1772; x_wconf 89' lang='lat' dir='ltr'>est</span> <span class='ocrx_word' id='word_1_115' title='bbox 710 1714 885 1772; x_wconf 87' lang='lat' dir='ltr'>Deum</span> <span class='ocrx_word' id='word_1_116' title='bbox 920 1735 1088 1795; x_wconf 90' lang='lat' dir='ltr'>posse</span> <span class='ocrx_word' id='word_1_117' title='bbox 1119 1715 1197 1773; x_wconf 88' lang='lat' dir='ltr'>illi</span> <span class='ocrx_word' id='word_1_118' title='bbox 1230 1715 1338 1795; x_wconf 79' lang='lat' dir='ltr'>legi</span> <span class='ocrx_word' id='word_1_119' title='bbox 1372 1716 1639 1794; x_wconf 77' lang='lat' dir='ltr'>derogare</span> <span class='ocrx_word' id='word_1_120' title='bbox 1670 1737 1770 1775; x_wconf 91' lang='lat' dir='ltr'>seu</span> <span class='ocrx_word' id='word_1_121' title='bbox 1793 1715 1863 1773; x_wconf 88' lang='lat' dir='ltr'>ab</span> <span class='ocrx_word' id='word_1_122' title='bbox 1886 1738 1951 1774; x_wconf 89' lang='lat' dir='ltr'>ea</span> <span class='ocrx_word' id='word_1_123' title='bbox 1982 1716 2212 1796; x_wconf 89' lang='lat' dir='ltr'>dispen—</span> 
     </span>
     <span class='ocr_line' id='line_1_17' title="bbox 345 1811 2212 1894; baseline 0.002 -27"><span class='ocrx_word' id='word_1_124' title='bbox 345 1832 503 1880; x_wconf 86' lang='lat' dir='ltr'>sare,</span> <span class='ocrx_word' id='word_1_125' title='bbox 554 1811 703 1891; x_wconf 90' lang='lat' dir='ltr'>quod</span> <span class='ocrx_word' id='word_1_126' title='bbox 750 1811 995 1891; x_wconf 86' lang='lat' dir='ltr'>profecto</span> <span class='ocrx_word' id='word_1_127' title='bbox 1041 1834 1150 1870; x_wconf 90' lang='lat' dir='ltr'>non</span> <span class='ocrx_word' id='word_1_128' title='bbox 1198 1825 1424 1894; x_wconf 91' lang='lat' dir='ltr'>posset,</span> <span class='ocrx_word' id='word_1_129' title='bbox 1476 1812 1524 1872; x_wconf 90' lang='lat' dir='ltr'>si</span> <span class='ocrx_word' id='word_1_130' title='bbox 1570 1812 1888 1894; x_wconf 77' lang='lat' dir='ltr'>polygamia</span> <span class='ocrx_word' id='word_1_131' title='bbox 1947 1812 2084 1871; x_wconf 80' lang='lat' dir='ltr'>foret</span> <span class='ocrx_word' id='word_1_132' title='bbox 2128 1813 2212 1871; x_wconf 91' lang='lat' dir='ltr'>in-</span> 
     </span>
     <span class='ocr_line' id='line_1_18' title="bbox 348 1909 2210 1988; baseline 0.001 -23"><span class='ocrx_word' id='word_1_133' title='bbox 348 1909 584 1967; x_wconf 88' lang='lat' dir='ltr'>trinsece</span> <span class='ocrx_word' id='word_1_134' title='bbox 624 1930 723 1966; x_wconf 91' lang='lat' dir='ltr'>seu</span> <span class='ocrx_word' id='word_1_135' title='bbox 758 1911 954 1966; x_wconf 87' lang='lat' dir='ltr'>natura</span> <span class='ocrx_word' id='word_1_136' title='bbox 987 1930 1090 1966; x_wconf 86' lang='lat' dir='ltr'>sua</span> <span class='ocrx_word' id='word_1_137' title='bbox 1121 1909 1287 1967; x_wconf 88' lang='lat' dir='ltr'>mala.</span> <span class='ocrx_word' id='word_1_138' title='bbox 1319 1910 1601 1988; x_wconf 75' lang='lat' dir='ltr'>Distingui</span> <span class='ocrx_word' id='word_1_139' title='bbox 1648 1909 1816 1988; x_wconf 75' lang='lat' dir='ltr'>igitur</span> <span class='ocrx_word' id='word_1_140' title='bbox 1861 1909 2064 1968; x_wconf 88' lang='lat' dir='ltr'>debent</span> <span class='ocrx_word' id='word_1_141' title='bbox 2100 1910 2210 1968; x_wconf 87' lang='lat' dir='ltr'>duo</span> 
     </span>
     <span class='ocr_line' id='line_1_19' title="bbox 346 2006 2211 2088; baseline 0.002 -26"><span class='ocrx_word' id='word_1_142' title='bbox 346 2021 765 2086; x_wconf 85' lang='lat' dir='ltr'>praeceptorum</span> <span class='ocrx_word' id='word_1_143' title='bbox 812 2006 1147 2065; x_wconf 87' lang='lat' dir='ltr'>naturalium</span> <span class='ocrx_word' id='word_1_144' title='bbox 1180 2028 1416 2085; x_wconf 76' lang='lat' dir='ltr'>genera,</span> <span class='ocrx_word' id='word_1_145' title='bbox 1454 2030 1687 2088; x_wconf 87' lang='lat' dir='ltr'>quorum</span> <span class='ocrx_word' id='word_1_146' title='bbox 1729 2007 1961 2066; x_wconf 87' lang='lat' dir='ltr'>alterum</span> <span class='ocrx_word' id='word_1_147' title='bbox 1995 2022 2211 2066; x_wconf 89' lang='lat' dir='ltr'>constat</span> 
     </span>
     <span class='ocr_line' id='line_1_20' title="bbox 345 2103 2211 2185; baseline 0.001 -25"><span class='ocrx_word' id='word_1_148' title='bbox 345 2125 410 2161; x_wconf 83' lang='lat' dir='ltr'>ex</span> <span class='ocrx_word' id='word_1_149' title='bbox 457 2103 874 2162; x_wconf 85' lang='lat' dir='ltr'>universalibus</span> <span class='ocrx_word' id='word_1_150' title='bbox 906 2117 959 2162; x_wconf 88' lang='lat' dir='ltr'>et</span> <span class='ocrx_word' id='word_1_151' title='bbox 982 2104 1488 2174; x_wconf 86' lang='lat' dir='ltr'>communissimis,</span> <span class='ocrx_word' id='word_1_152' title='bbox 1526 2126 1672 2185; x_wconf 87' lang='lat' dir='ltr'>quae</span> <span class='ocrx_word' id='word_1_153' title='bbox 1705 2118 1832 2163; x_wconf 91' lang='lat' dir='ltr'>sunt</span> <span class='ocrx_word' id='word_1_154' title='bbox 1862 2103 2030 2163; x_wconf 82' lang='lat' dir='ltr'>veluti</span> <span class='ocrx_word' id='word_1_155' title='bbox 2059 2104 2211 2184; x_wconf 90' lang='lat' dir='ltr'>prin-</span> 
     </span>
     <span class='ocr_line' id='line_1_21' title="bbox 346 2200 2212 2281; baseline 0.002 -25"><span class='ocrx_word' id='word_1_156' title='bbox 346 2200 493 2281; x_wconf 81' lang='lat' dir='ltr'>cipia</span> <span class='ocrx_word' id='word_1_157' title='bbox 525 2201 705 2280; x_wconf 90' lang='lat' dir='ltr'>prima</span> <span class='ocrx_word' id='word_1_158' title='bbox 736 2200 873 2258; x_wconf 90' lang='lat' dir='ltr'>iuris</span> <span class='ocrx_word' id='word_1_159' title='bbox 908 2214 1171 2269; x_wconf 79' lang='lat' dir='ltr'>naturae3</span> <span class='ocrx_word' id='word_1_160' title='bbox 1223 2200 1456 2259; x_wconf 89' lang='lat' dir='ltr'>alterum</span> <span class='ocrx_word' id='word_1_161' title='bbox 1502 2201 1857 2260; x_wconf 83' lang='lat' dir='ltr'>constituitur</span> <span class='ocrx_word' id='word_1_162' title='bbox 1890 2224 1955 2259; x_wconf 80' lang='lat' dir='ltr'>ex</span> <span class='ocrx_word' id='word_1_163' title='bbox 1988 2201 2212 2260; x_wconf 85' lang='lat' dir='ltr'>conclu-</span> 
     </span>
     <span class='ocr_line' id='line_1_22' title="bbox 348 2296 2207 2378; baseline 0 -23"><span class='ocrx_word' id='word_1_164' title='bbox 348 2297 637 2365; x_wconf 72' lang='lat' dir='ltr'>sionibus.v</span> <span class='ocrx_word' id='word_1_165' title='bbox 674 2319 819 2378; x_wconf 86' lang='lat' dir='ltr'>quae</span> <span class='ocrx_word' id='word_1_166' title='bbox 862 2320 927 2355; x_wconf 83' lang='lat' dir='ltr'>ex</span> <span class='ocrx_word' id='word_1_167' title='bbox 973 2297 1168 2377; x_wconf 89' lang='lat' dir='ltr'>primis</span> <span class='ocrx_word' id='word_1_168' title='bbox 1216 2296 1327 2356; x_wconf 86' lang='lat' dir='ltr'>illis</span> <span class='ocrx_word' id='word_1_169' title='bbox 1374 2297 1672 2378; x_wconf 85' lang='lat' dir='ltr'>principiis</span> <span class='ocrx_word' id='word_1_170' title='bbox 1719 2298 2061 2356; x_wconf 79' lang='lat' dir='ltr'>derivantur.</span> <span class='ocrx_word' id='word_1_171' title='bbox 2094 2299 2207 2355; x_wconf 89' lang='lat' dir='ltr'>Iam</span> 
     </span>
     <span class='ocr_line' id='line_1_23' title="bbox 346 2393 2209 2475; baseline 0 -22"><span class='ocrx_word' id='word_1_172' title='bbox 346 2417 476 2454; x_wconf 83' lang='lat' dir='ltr'>vero</span> <span class='ocrx_word' id='word_1_173' title='bbox 509 2395 785 2475; x_wconf 88' lang='lat' dir='ltr'>principia</span> <span class='ocrx_word' id='word_1_174' title='bbox 818 2393 912 2453; x_wconf 93' lang='lat' dir='ltr'>illa</span> <span class='ocrx_word' id='word_1_175' title='bbox 944 2395 1128 2475; x_wconf 89' lang='lat' dir='ltr'>prima</span> <span class='ocrx_word' id='word_1_176' title='bbox 1159 2417 1224 2454; x_wconf 90' lang='lat' dir='ltr'>ac</span> <span class='ocrx_word' id='word_1_177' title='bbox 1255 2395 1740 2456; x_wconf 79' lang='lat' dir='ltr'>universalissima</span> <span class='ocrx_word' id='word_1_178' title='bbox 1772 2409 1825 2453; x_wconf 89' lang='lat' dir='ltr'>et</span> <span class='ocrx_word' id='word_1_179' title='bbox 1855 2395 1925 2454; x_wconf 89' lang='lat' dir='ltr'>ab</span> <span class='ocrx_word' id='word_1_180' title='bbox 1949 2394 2209 2453; x_wconf 91' lang='lat' dir='ltr'>omnibus</span> 
     </span>
     <span class='ocr_line' id='line_1_24' title="bbox 348 2491 2204 2571; baseline 0 -22"><span class='ocrx_word' id='word_1_181' title='bbox 348 2491 599 2550; x_wconf 84' lang='lat' dir='ltr'>admissa</span> <span class='ocrx_word' id='word_1_182' title='bbox 633 2491 981 2551; x_wconf 88' lang='lat' dir='ltr'>rectitudinis</span> <span class='ocrx_word' id='word_1_183' title='bbox 1022 2514 1272 2552; x_wconf 90' lang='lat' dir='ltr'>normam</span> <span class='ocrx_word' id='word_1_184' title='bbox 1304 2514 1369 2551; x_wconf 88' lang='lat' dir='ltr'>ac</span> <span class='ocrx_word' id='word_1_185' title='bbox 1414 2492 1661 2571; x_wconf 76' lang='lat' dir='ltr'>regulam</span> <span class='ocrx_word' id='word_1_186' title='bbox 1708 2493 1784 2551; x_wconf 88' lang='lat' dir='ltr'>ita</span> <span class='ocrx_word' id='word_1_187' title='bbox 1828 2492 2204 2560; x_wconf 72' lang='lat' dir='ltr'>constituunt,</span> 
     </span>
     <span class='ocr_line' id='line_1_25' title="bbox 345 2588 2208 2669; baseline -0.001 -22"><span class='ocrx_word' id='word_1_188' title='bbox 345 2602 406 2647; x_wconf 88' lang='lat' dir='ltr'>ut</span> <span class='ocrx_word' id='word_1_189' title='bbox 449 2588 600 2647; x_wconf 90' lang='lat' dir='ltr'>nullo</span> <span class='ocrx_word' id='word_1_190' title='bbox 644 2611 910 2669; x_wconf 88' lang='lat' dir='ltr'>umquam</span> <span class='ocrx_word' id='word_1_191' title='bbox 948 2589 1003 2646; x_wconf 92' lang='lat' dir='ltr'>in</span> <span class='ocrx_word' id='word_1_192' title='bbox 1042 2611 1176 2649; x_wconf 90' lang='lat' dir='ltr'>casu</span> <span class='ocrx_word' id='word_1_193' title='bbox 1209 2589 1263 2646; x_wconf 93' lang='lat' dir='ltr'>in</span> <span class='ocrx_word' id='word_1_194' title='bbox 1299 2589 1369 2647; x_wconf 91' lang='lat' dir='ltr'>iis</span> <span class='ocrx_word' id='word_1_195' title='bbox 1402 2589 1718 2668; x_wconf 86' lang='lat' dir='ltr'>dispensari</span> <span class='ocrx_word' id='word_1_196' title='bbox 1758 2589 1970 2669; x_wconf 79' lang='lat' dir='ltr'>possit3</span> <span class='ocrx_word' id='word_1_197' title='bbox 2015 2610 2208 2646; x_wconf 87' lang='lat' dir='ltr'>secun-</span> 
     </span>
     <span class='ocr_line' id='line_1_26' title="bbox 347 2682 2208 2766; baseline -0.002 -24"><span class='ocrx_word' id='word_1_198' title='bbox 347 2686 504 2744; x_wconf 85' lang='lat' dir='ltr'>daria</span> <span class='ocrx_word' id='word_1_199' title='bbox 541 2698 750 2755; x_wconf 86' lang='lat' dir='ltr'>autem,</span> <span class='ocrx_word' id='word_1_200' title='bbox 789 2690 932 2766; x_wconf 88' lang='lat' dir='ltr'>quae</span> <span class='ocrx_word' id='word_1_201' title='bbox 964 2707 1162 2766; x_wconf 90' lang='lat' dir='ltr'>nempe</span> <span class='ocrx_word' id='word_1_202' title='bbox 1192 2707 1256 2744; x_wconf 87' lang='lat' dir='ltr'>ex</span> <span class='ocrx_word' id='word_1_203' title='bbox 1290 2685 1487 2765; x_wconf 91' lang='lat' dir='ltr'>primis</span> <span class='ocrx_word' id='word_1_204' title='bbox 1520 2684 1631 2743; x_wconf 89' lang='lat' dir='ltr'>illis</span> <span class='ocrx_word' id='word_1_205' title='bbox 1664 2683 2047 2753; x_wconf 86' lang='lat' dir='ltr'>deducuntur,</span> <span class='ocrx_word' id='word_1_206' title='bbox 2081 2682 2208 2740; x_wconf 90' lang='lat' dir='ltr'>licet</span> 
     </span>
     <span class='ocr_line' id='line_1_27' title="bbox 350 2781 2210 2860; baseline -0.002 -22"><span class='ocrx_word' id='word_1_207' title='bbox 350 2781 593 2860; x_wconf 77' lang='lat' dir='ltr'>regulam</span> <span class='ocrx_word' id='word_1_208' title='bbox 654 2782 1001 2840; x_wconf 88' lang='lat' dir='ltr'>rectitudinis</span> <span class='ocrx_word' id='word_1_209' title='bbox 1059 2782 1410 2850; x_wconf 70' lang='lat' dir='ltr'>contineant,</span> <span class='ocrx_word' id='word_1_210' title='bbox 1463 2804 1571 2840; x_wconf 90' lang='lat' dir='ltr'>non</span> <span class='ocrx_word' id='word_1_211' title='bbox 1617 2781 1691 2839; x_wconf 90' lang='lat' dir='ltr'>ita</span> <span class='ocrx_word' id='word_1_212' title='bbox 1737 2794 1867 2839; x_wconf 90' lang='lat' dir='ltr'>sunt</span> <span class='ocrx_word' id='word_1_213' title='bbox 1910 2781 2102 2848; x_wconf 81' lang='lat' dir='ltr'>firma,</span> <span class='ocrx_word' id='word_1_214' title='bbox 2151 2793 2210 2836; x_wconf 82' lang='lat' dir='ltr'>ut</span> 
     </span>
     <span class='ocr_line' id='line_1_28' title="bbox 349 2875 2207 2959; baseline -0.003 -24"><span class='ocrx_word' id='word_1_215' title='bbox 349 2878 576 2935; x_wconf 88' lang='lat' dir='ltr'>mutatis</span> <span class='ocrx_word' id='word_1_216' title='bbox 634 2900 852 2947; x_wconf 82' lang='lat' dir='ltr'>rerum,</span> <span class='ocrx_word' id='word_1_217' title='bbox 916 2892 1222 2959; x_wconf 89' lang='lat' dir='ltr'>temporum</span> <span class='ocrx_word' id='word_1_218' title='bbox 1281 2899 1345 2936; x_wconf 89' lang='lat' dir='ltr'>ac</span> <span class='ocrx_word' id='word_1_219' title='bbox 1393 2899 1755 2959; x_wconf 85' lang='lat' dir='ltr'>personarum</span> <span class='ocrx_word' id='word_1_220' title='bbox 1814 2876 2093 2934; x_wconf 90' lang='lat' dir='ltr'>adiunctis</span> <span class='ocrx_word' id='word_1_221' title='bbox 2151 2875 2207 2930; x_wconf 90' lang='lat' dir='ltr'>in</span> 
     </span>
     <span class='ocr_line' id='line_1_29' title="bbox 352 2968 2209 3054; baseline -0.003 -25"><span class='ocrx_word' id='word_1_222' title='bbox 352 2973 422 3030; x_wconf 86' lang='lat' dir='ltr'>iis</span> <span class='ocrx_word' id='word_1_223' title='bbox 468 2972 783 3054; x_wconf 86' lang='lat' dir='ltr'>dispensari</span> <span class='ocrx_word' id='word_1_224' title='bbox 829 2995 939 3032; x_wconf 90' lang='lat' dir='ltr'>non</span> <span class='ocrx_word' id='word_1_225' title='bbox 986 2973 1165 3052; x_wconf 89' lang='lat' dir='ltr'>possit</span> <span class='ocrx_word' id='word_1_226' title='bbox 1208 2994 1271 3031; x_wconf 90' lang='lat' dir='ltr'>ac</span> <span class='ocrx_word' id='word_1_227' title='bbox 1315 2995 1382 3030; x_wconf 88' lang='lat' dir='ltr'>ea</span> <span class='ocrx_word' id='word_1_228' title='bbox 1425 2973 1662 3040; x_wconf 85' lang='lat' dir='ltr'>mutari,</span> <span class='ocrx_word' id='word_1_229' title='bbox 1714 2993 1822 3029; x_wconf 89' lang='lat' dir='ltr'>non</span> <span class='ocrx_word' id='word_1_230' title='bbox 1866 2969 2094 3050; x_wconf 85' lang='lat' dir='ltr'>quidem</span> <span class='ocrx_word' id='word_1_231' title='bbox 2139 2968 2209 3025; x_wconf 87' lang='lat' dir='ltr'>ab</span> 
     </span>
     <span class='ocr_line' id='line_1_30' title="bbox 351 3065 2205 3147; baseline -0.003 -21"><span class='ocrx_word' id='word_1_232' title='bbox 351 3069 708 3138; x_wconf 83' lang='lat' dir='ltr'>hominibuS‚</span> <span class='ocrx_word' id='word_1_233' title='bbox 753 3069 848 3128; x_wconf 88' lang='lat' dir='ltr'>sed</span> <span class='ocrx_word' id='word_1_234' title='bbox 889 3091 920 3127; x_wconf 91' lang='lat' dir='ltr'>a</span> <span class='ocrx_word' id='word_1_235' title='bbox 957 3069 1070 3127; x_wconf 88' lang='lat' dir='ltr'>Deo</span> <span class='ocrx_word' id='word_1_236' title='bbox 1115 3067 1253 3147; x_wconf 79' lang='lat' dir='ltr'>legis</span> <span class='ocrx_word' id='word_1_237' title='bbox 1298 3081 1526 3126; x_wconf 86' lang='lat' dir='ltr'>naturae</span> <span class='ocrx_word' id='word_1_238' title='bbox 1562 3080 1803 3125; x_wconf 79' lang='lat' dir='ltr'>auctore,</span> <span class='ocrx_word' id='word_1_239' title='bbox 1842 3066 1919 3122; x_wconf 81' lang='lat' dir='ltr'>Ad</span> <span class='ocrx_word' id='word_1_240' title='bbox 1968 3065 2205 3144; x_wconf 85' lang='lat' dir='ltr'>primum</span> 
     </span>
    </p>
   </div>
   <div class='ocr_carea' id='block_1_3' title="bbox 348 3240 2211 3627">
    <p class='ocr_par' dir='ltr' id='par_1_4' title="bbox 471 3240 1396 3291">
     <span class='ocr_line' id='line_1_31' title="bbox 471 3240 1396 3291; baseline -0.002 -12"><span class='ocrx_word' id='word_1_241' title='bbox 471 3243 552 3290; x_wconf 67' lang='grc'>(46)</span> <span class='ocrx_word' id='word_1_242' title='bbox 585 3240 683 3279; x_wconf 71' lang='lat' dir='ltr'>[bid.</span> <span class='ocrx_word' id='word_1_243' title='bbox 705 3240 745 3279; x_wconf 88' lang='lat' dir='ltr'>in</span> <span class='ocrx_word' id='word_1_244' title='bbox 766 3251 854 3291; x_wconf 86' lang='lat' dir='ltr'>cap.</span> <span class='ocrx_word' id='word_1_245' title='bbox 878 3242 1020 3279; x_wconf 65' lang='lat' dir='ltr'>XXIV.</span> <span class='ocrx_word' id='word_1_246' title='bbox 1041 3240 1080 3278; x_wconf 81' lang='lat' dir='ltr'>ct</span> <span class='ocrx_word' id='word_1_247' title='bbox 1102 3240 1225 3278; x_wconf 80' lang='lat' dir='ltr'><strong>XXX.</strong></span> <span class='ocrx_word' id='word_1_248' title='bbox 1251 3240 1396 3278; x_wconf 80' lang='lat' dir='ltr'>Genes.</span> 
     </span>
    </p>

    <p class='ocr_par' dir='ltr' id='par_1_5' title="bbox 348 3301 2211 3627">
     <span class='ocr_line' id='line_1_32' title="bbox 473 3301 2206 3357; baseline -0.004 -12"><span class='ocrx_word' id='word_1_249' title='bbox 473 3308 554 3357; x_wconf 75' lang='lat'>(47)</span> <span class='ocrx_word' id='word_1_250' title='bbox 587 3308 641 3345; x_wconf 82' lang='lat' dir='ltr'>Dc</span> <span class='ocrx_word' id='word_1_251' title='bbox 674 3305 902 3357; x_wconf 78' lang='lat' dir='ltr'>polygamia</span> <span class='ocrx_word' id='word_1_252' title='bbox 935 3305 1255 3356; x_wconf 77' lang='lat' dir='ltr'>patriarcharum</span> <span class='ocrx_word' id='word_1_253' title='bbox 1283 3301 2042 3344; x_wconf 74' lang='lat' dir='ltr'>cf.Matth.Peti‹lidier1)isserc.X.in</span> <span class='ocrx_word' id='word_1_254' title='bbox 2058 3302 2206 3351; x_wconf 68' lang='lat' dir='ltr'>script.</span> 
     </span>
     <span class='ocr_line' id='line_1_33' title="bbox 348 3370 2205 3425; baseline -0.004 -12"><span class='ocrx_word' id='word_1_255' title='bbox 348 3371 1110 3425; x_wconf 69' lang='lat' dir='ltr'>sac.pag.165seqq.Guil.seldenum</span> <span class='ocrx_word' id='word_1_256' title='bbox 1130 3371 1169 3410; x_wconf 87' lang='lat' dir='ltr'>in</span> <span class='ocrx_word' id='word_1_257' title='bbox 1189 3372 1295 3410; x_wconf 71' lang='lat' dir='ltr'>ociis</span> <span class='ocrx_word' id='word_1_258' title='bbox 1313 3382 1352 3422; x_wconf 86' lang='lat' dir='ltr'>p.</span> <span class='ocrx_word' id='word_1_259' title='bbox 1368 3374 1456 3410; x_wconf 80' lang='grc'>349.</span> <span class='ocrx_word' id='word_1_260' title='bbox 1479 3372 1684 3421; x_wconf 77' lang='lat' dir='ltr'>Vesperus</span> <span class='ocrx_word' id='word_1_261' title='bbox 1701 3370 1999 3419; x_wconf 68' lang='lat' dir='ltr'>yroninqanus</span> <span class='ocrx_word' id='word_1_262' title='bbox 2015 3378 2104 3418; x_wconf 84' lang='lat' dir='ltr'>pag.</span> <span class='ocrx_word' id='word_1_263' title='bbox 2122 3372 2205 3406; x_wconf 72' lang='lat'>125,</span> 
     </span>
     <span class='ocr_line' id='line_1_34' title="bbox 352 3434 2204 3490; baseline -0.005 -9"><span class='ocrx_word' id='word_1_264' title='bbox 352 3445 391 3481; x_wconf 75' lang='lat' dir='ltr'>et</span> <span class='ocrx_word' id='word_1_265' title='bbox 415 3448 500 3481; x_wconf 81' lang='lat'><strong>159.</strong></span> <span class='ocrx_word' id='word_1_266' title='bbox 523 3441 669 3481; x_wconf 80' lang='lat' dir='ltr'>Patrio.</span> <span class='ocrx_word' id='word_1_267' title='bbox 690 3439 846 3490; x_wconf 79' lang='lat' dir='ltr'>Delong</span> <span class='ocrx_word' id='word_1_268' title='bbox 866 3439 904 3478; x_wconf 91' lang='lat' dir='ltr'>in</span> <span class='ocrx_word' id='word_1_269' title='bbox 929 3438 1067 3479; x_wconf 74' lang='lat' dir='ltr'>libello</span> <span class='ocrx_word' id='word_1_270' title='bbox 1088 3438 1245 3488; x_wconf 81' lang='lat' dir='ltr'>anglice</span> <span class='ocrx_word' id='word_1_271' title='bbox 1265 3436 1373 3477; x_wconf 83' lang='lat' dir='ltr'>edito</span> <span class='ocrx_word' id='word_1_272' title='bbox 1395 3449 1460 3477; x_wconf 85' lang='lat' dir='ltr'>an.</span> <span class='ocrx_word' id='word_1_273' title='bbox 1489 3440 1599 3477; x_wconf 83' lang='lat'><strong>1737.</strong></span> <span class='ocrx_word' id='word_1_274' title='bbox 1620 3438 1658 3476; x_wconf 84' lang='lat' dir='ltr'>et</span> <span class='ocrx_word' id='word_1_275' title='bbox 1679 3446 1819 3475; x_wconf 84' lang='lat' dir='ltr'>recuso</span> <span class='ocrx_word' id='word_1_276' title='bbox 1840 3446 1906 3475; x_wconf 85' lang='lat' dir='ltr'>an.</span> <span class='ocrx_word' id='word_1_277' title='bbox 1930 3438 2041 3474; x_wconf 86' lang='grc'><strong>1739.</strong></span> <span class='ocrx_word' id='word_1_278' title='bbox 2064 3434 2204 3472; x_wconf 83' lang='lat' dir='ltr'>cuitit.</span> 
     </span>
     <span class='ocr_line' id='line_1_35' title="bbox 357 3500 2211 3559; baseline -0.005 -11"><span class='ocrx_word' id='word_1_279' title='bbox 357 3507 610 3559; x_wconf 66' lang='lat' dir='ltr'>Reflections</span> <span class='ocrx_word' id='word_1_280' title='bbox 648 3518 765 3558; x_wconf 78' lang='lat' dir='ltr'>upon</span> <span class='ocrx_word' id='word_1_281' title='bbox 803 3505 1032 3557; x_wconf 70' lang='lat' dir='ltr'>polyqamy</span> <span class='ocrx_word' id='word_1_282' title='bbox 1060 3505 1150 3545; x_wconf 80' lang='lat' dir='ltr'>and</span> <span class='ocrx_word' id='word_1_283' title='bbox 1180 3504 1250 3545; x_wconf 80' lang='lat' dir='ltr'>the</span> <span class='ocrx_word' id='word_1_284' title='bbox 1278 3506 1639 3554; x_wconf 65' lang='lat' dir='ltr'>eneam-aymam</span> <span class='ocrx_word' id='word_1_285' title='bbox 1668 3505 1792 3553; x_wconf 72' lang='lat' dir='ltr'>qiven</span> <span class='ocrx_word' id='word_1_286' title='bbox 1822 3504 1863 3541; x_wconf 79' lang='lat' dir='ltr'>to</span> <span class='ocrx_word' id='word_1_287' title='bbox 1893 3500 1989 3541; x_wconf 72' lang='lat' dir='ltr'>that</span> <span class='ocrx_word' id='word_1_288' title='bbox 2020 3502 2211 3552; x_wconf 65' lang='lat' dir='ltr'>practice</span> 
     </span>
     <span class='ocr_line' id='line_1_36' title="bbox 353 3572 1270 3627; baseline -0.004 -11"><span class='ocrx_word' id='word_1_289' title='bbox 353 3579 397 3616; x_wconf 73' lang='lat' dir='ltr'>iu</span> <span class='ocrx_word' id='word_1_290' title='bbox 419 3576 487 3615; x_wconf 78' lang='lat' dir='ltr'>the</span> <span class='ocrx_word' id='word_1_291' title='bbox 506 3577 744 3627; x_wconf 58' lang='grc' dir='ltr'>,εον-ἐρίπνας</span> <span class='ocrx_word' id='word_1_292' title='bbox 770 3572 823 3621; x_wconf 80' lang='lat' dir='ltr'>os</span> <span class='ocrx_word' id='word_1_293' title='bbox 840 3572 908 3613; x_wconf 76' lang='lat' dir='ltr'>the</span> <span class='ocrx_word' id='word_1_294' title='bbox 930 3572 1002 3613; x_wconf 71' lang='grc' dir='ltr'>οἱα</span> <span class='ocrx_word' id='word_1_295' title='bbox 1026 3574 1270 3612; x_wconf 60' lang='lat' dir='ltr'>tas-tament.</span> 
     </span>
    </p>
   </div>
  </div>
 </body>
</html>
