2320 4030
387 242 459 301 78
682 260 783 299 Lm.
821 256 900 297 111.
938 253 1081 295 sacr.
1120 254 1156 293 1.
1192 255 1258 294 nn
1290 252 1448 294 MATR.
1472 252 1677 296 cnmsr.
1709 255 1950 298 umrnss.

499 360 690 440 Neque
732 355 803 415 ab
846 353 955 412 hac
996 352 1274 413 sententia
1323 353 1711 412 discesserunt
1761 355 2097 435 posteriores
2142 378 2243 439 pa-

380 470 511 516 treS.
552 456 690 513 Nam
723 474 770 510 S.
809 449 1052 510 Basilius
1097 471 1362 532 expresse
1401 471 1671 510 canonem
1718 449 1871 511 hunc
1913 475 2071 513 num.
2098 455 2237 514 XLI.

379 551 584 611 edidit:
628 573 655 605 «
685 548 842 618 Quae
870 547 927 605 in
957 545 1226 607 viduitate
1257 546 1424 605 habet
1454 547 1541 606 sui
1575 559 1904 628 potestatem
1924 597 1936 621 ,
1972 573 2087 610 una
2116 573 2243 610 cum

382 649 500 706 viro
533 643 792 703 habitare
821 656 1003 725 potest
1023 640 1157 702 'sine
1196 642 1666 723 reprehensione,
1706 644 1754 704 si
1787 666 1949 704 nemo
1979 658 2096 717 est,
2145 648 2243 728 qui

377 741 700 820 coniugium
745 739 1007 810 divellat,
1045 761 1170 798 cum
1203 737 1506 819 Apostolus
1539 739 1718 799 dicat:
1763 741 1829 798 Si
1855 753 2096 800 mortuus
2127 742 2247 823 sue-

375 840 450 896 rit
491 838 725 896 maritus
771 836 943 895 libera
983 848 1091 905 est,
1133 848 1194 893 ut
1234 834 1405 892 nubat
1448 836 1539 893 cui
1568 837 1731 905 velit,
1789 849 1999 895 tantum
2041 839 2100 896 in
2135 839 2246 897 Do-

374 936 521 993 mino
558 936 705 1013 (11).
743 958 771 990 »
808 933 864 991 S.
905 932 1204 1013 Gregorius
1248 931 1629 991 nazianzenus
1673 934 1948 994 Novatum
1995 956 2094 994 seu
2137 936 2248 996 No-

373 1031 661 1091 vatianum
718 1030 1000 1089 infensum
1064 1028 1330 1089 secundis
1383 1028 1596 1110 nuptiis
1654 1029 1733 1089 ita
1788 1030 2031 1091 refellit:
2084 1057 2111 1088 <‹
2158 1031 2244 1090 An

376 1151 448 1188 ne
489 1127 785 1188 iuvenibus
841 1127 1070 1209 quidem
1124 1126 1348 1198 viduis,
1399 1140 1627 1207 propter
1675 1129 1872 1186 aetatis
1924 1128 2239 1201 lubricum,

377 1224 611 1285 ineundi
648 1224 990 1284 matrimonii
1022 1236 1355 1306 potestatem
1388 1218 1571 1283 facis?
1594 1220 1663 1281 At
1687 1222 1894 1283 Paulus
1926 1223 2035 1284 hoc
2065 1225 2248 1285 facere

375 1321 610 1382 minime
652 1321 958 1381 dubitavit.
991 1371 1000 1380 .
1029 1321 1128 1381 .At
1158 1321 1297 1380 haec
1327 1319 1558 1379 minime
1588 1333 1716 1402 post
1743 1320 2121 1403 baptismum,
2158 1323 2247 1381 in-

375 1418 527 1501 quis.
579 1418 701 1488 Quo
746 1431 1074 1498 argumento
1119 1418 1176 1476 id
1218 1416 1559 1478 confirmas?
1603 1417 1712 1477 Aut
1754 1440 1870 1478 rem
1920 1418 1998 1478 ita
2042 1441 2104 1479 se
2141 1419 2250 1479 ha·-

371 1516 509 1576 'bere
539 1516 739 1599 proba,
777 1528 875 1574 aut
911 1515 959 1575 si
991 1515 1048 1573 id
1091 1514 1321 1597 nequis,
1356 1536 1427 1574 ne
1460 1513 1822 1575 condemnes,
1864 1515 2026 1586 Quod
2065 1515 2114 1575 si
2158 1538 2248 1577 res

376 1611 550 1672 dubia
591 1625 707 1683 est,
754 1611 944 1671 vincat
986 1611 1309 1670 humanitas
1354 1623 1407 1670 et
1452 1610 1694 1671 facilitas
1741 1612 1930 1690 (12).»

508 1710 621 1768 Nec
664 1707 825 1768 aliter
865 1708 1027 1768 docet
1071 1730 1119 1767 S.
1171 1709 1250 1768 lo.
1301 1708 1768 1791 ChrysostomuS,
1818 1709 1916 1791 qui
1962 1731 2250 1791 exponens

376 1803 626 1886 Apostoli
650 1804 840 1864 verba:
867 1804 1071 1862 Mulier
1103 1804 1339 1885 alliqata
1382 1817 1461 1864 est
1496 1805 1605 1885 leqz'
1620 1851 1634 1874 ‚
1660 1804 1800 1865 haec
1822 1806 2011 1866 habet:
2041 1831 2068 1864 «
2093 1806 2251 1877 Quae

376 1922 507 1961 vero
550 1915 637 1962 est
675 1899 878 1972 libera,
931 1900 1215 1982 siquidem
1258 1901 1498 1981 voluerit
1547 1903 1796 1963 secundo
1841 1903 2085 1974 nubere,
2135 1926 2248 1963 non

377 1997 706 2080 simpliciter
749 2019 932 2080 neque
964 2011 1170 2057 temere
1211 1986 1511 2071 hofffacit,
1542 1999 1641 2059 sed
1674 2022 1799 2059 cum
1834 1999 2055 2080 legibus
2100 2023 2250 2082 quae

377 2106 510 2154 sunt
552 2115 584 2152 a
627 2092 798 2153 Paulo
828 2093 1044 2175 positae
1093 2095 1296 2172 (13).»
1344 2094 1436 2152 Sic
1469 2094 1634 2154 etiam
1674 2118 1719 2155 s.
1764 2096 2122 2178 Epiphanius
2166 2096 2251 2155 in—

378 2204 461 2250 ter
502 2190 646 2250 falsa
689 2190 1045 2250 catharorum
1089 2213 1191 2250 seu
1241 2191 1666 2251 novatianorum
1718 2192 1982 2271 dogmata
2038 2206 2092 2252 et
2142 2193 2251 2254 hoc

381 2301 662 2347 recenset:
705 2313 733 2344 «
761 2288 817 2346 Si
851 2288 981 2370 quis
1014 2301 1141 2369 post
1168 2288 1513 2370 baptismum
1552 2288 1857 2348 secundam
1889 2311 2118 2348 uxorem
2152 2290 2253 2349 du-

378 2384 551 2456 xerit,
589 2385 661 2445 ab
692 2385 806 2445 illis
845 2407 955 2445 non
988 2386 1231 2466 amplius
1264 2385 1595 2445 admittitur.
1631 2385 1793 2456 Quod
1828 2385 2056 2467 quidem
2079 2386 2248 2466 plane

379 2480 639 2539 stolidum
681 2494 767 2541 est
814 2483 961 2560 (14),
996 2507 1024 2538 »
1057 2503 1224 2563 quem
1264 2481 1471 2540 deinde
1514 2503 1759 2541 errorem
1792 2481 1959 2541 simul
1993 2504 2119 2541 curn
2164 2505 2252 2541 re-

378 2577 551 2659 liquis
591 2579 846 2638 eiusdem
882 2594 1068 2639 sectae
1097 2579 1382 2639 erroribus
1424 2591 1620 2660 postea
1663 2578 1884 2638 refellit.
1931 2578 2252 2638 Theodore-

381 2688 470 2750 tus
527 2676 739 2757 pariter
780 2676 1103 2757 expendens
1146 2675 1316 2735 citata
1359 2674 1612 2757 Apostoli
1656 2675 1826 2734 verba
1869 2678 1924 2733 1.
1957 2674 2083 2735 Cor.
2131 2675 2244 2733 VII.

384 2797 412 2828 «
441 2772 759 2831 Notandum
798 2786 913 2845 est,
952 2772 1169 2845 subdit,
1206 2772 1358 2855 quod
1403 2795 1515 2832 non
1549 2772 1800 2844 beatam,
1832 2772 1931 2831 sed
1966 2772 2252 2831 beatiore-m

378 2890 502 2928 eam
545 2868 696 2928 dicat
737 2869 1068 2947 (viduam),
1107 2892 1254 2951 quae
1298 2892 1360 2929 se
1402 2869 1676 2942 continet;
1716 2867 1793 2928 ita
1837 2868 2045 2928 docens
2099 2868 2250 2950 quod

382 2986 492 3025 non
516 2965 863 3026 beatitudine
888 2967 962 3025 sit
994 2965 1224 3026 omnino
1250 2964 1550 3038 destituta,
1581 2988 1727 3048 quae
1749 2964 2060 3025 secundum
2083 2964 2248 3024 etiam

501 3226 583 3277 (11)
611 3225 740 3278 Epist.
767 3228 907 3266 XCIX.
927 3225 992 3266 ed.
1014 3228 1144 3266 Maur.
1164 3227 1264 3264 tom.
1285 3226 1357 3264 111.
1383 3223 1537 3275 p.²'396.
2255 3258 2258 3262 .

502 3296 584 3346 (12)
612 3297 725 3336 Orat.
749 3296 931 3335 ΧΧΧΙΧ.
953 3292 995 3333 in
1016 3295 1178 3334 Sancta
1198 3292 1369 3332 lumina
1386 3291 1450 3332 ed.
1474 3291 1603 3332 Paris.
1633 3297 1749 3332 1630.
1770 3293 1870 3332 tom.
1892 3294 1923 3331 Ι.
1944 3302 2036 3343 pag.
2057 3296 2148 3331 686.
2175 3293 2252 3331 Noa

383 3362 553 3402 tandum
590 3373 711 3413 porro
745 3363 807 3402 est
836 3361 1078 3412 plerumque
1112 3358 1331 3410 scriptores
1366 3369 1533 3409 graecos
1567 3360 1770 3398 Novatum
1801 3369 1849 3397 ac
1882 3359 2156 3398 Novatianum
2193 3357 2250 3397 in»

379 3432 440 3468 ter
476 3440 518 3470 se
543 3429 879 3480 confundere,ut
904 3429 1015 3480 patet
1047 3426 1170 3467 etiam
1205 3437 1252 3466 ex
1288 3425 1495 3476 Eusebio,
1530 3424 1758 3476 Epiphanio
1782 3425 1956 3476 aliisque
1992 3424 2159 3477 passim.
2235 3458 2252 3465 ..

510 3497 592 3547 (13)
620 3498 742 3536 Hom.
774 3498 835 3536 De
855 3494 1003 3535 libello
1023 3492 1195 3547 repudii
1219 3492 1284 3533 ed.
1306 3494 1439 3533 Maur.
1462 3503 1559 3543 opp.
1584 3493 1683 3532 tom.
1700 3493 1773 3531 111.
1796 3503 1839 3542 p.
1863 3498 1953 3532 208.

504 3564 587 3615 (14)
616 3566 795 3605 Haeres.
819 3566 921 3604 LIX.
946 3574 988 3603 n.
1013 3568 1048 3603 3.
1071 3562 1137 3603 ed.
1158 3562 1295 3602 Petav.
