2320 4030
349 253 473 314 140·
592 275 692 315 mn.
718 273 795 314 ιιι.
825 271 970 312 sncr.
1001 268 1222 314 muni.
1252 270 1316 314 m:
1351 272 1539 315 mmss.
1570 264 1730 317 nun}
1760 275 1962 320 cnmsr.

347 375 457 434 nisi
482 387 590 434 tres
614 371 958 455 hypotheses
995 372 1114 432 sieri
1150 386 1415 457 possunt,
1453 374 1605 456 quod
1635 375 1897 436 nimirum
1927 375 2203 439 eiusmodi

347 469 686 530 abominatio
729 469 837 528 sita
881 469 986 541 sit,
1036 482 1132 529 aut
1176 471 1233 529 in
1278 471 1632 552 separatione
1676 494 1709 532 a
1753 473 1932 555 primo
1975 476 2212 549 marito,

345 581 441 625 aut
470 566 525 623 in
558 565 914 645 separatione
948 589 982 625 a
1020 568 1289 638 secundO,
1323 580 1419 627 aut
1455 567 1682 628 demum
1712 570 1770 628 in
1801 592 1866 630 eo
1897 571 2047 653 quod
2093 585 2223 654 post

346 661 757 743 separationem
804 684 837 722 a
882 663 1062 744 primo
1103 664 1258 735 viro,
1302 664 1503 724 mulier
1545 666 1783 726 dimissa
1827 667 1897 725 ad
1943 669 2221 728 secundas

347 757 574 837 nuptias
607 757 913 817 transierit.
937 759 1105 818 Porro
1128 781 1195 818 ex
1226 758 1317 819 his
1349 760 1525 820 tribus
1558 761 1974 844 hypothesibus
2011 763 2225 845 priores

346 855 492 914 duae
533 855 624 914 vix
668 870 908 937 possunt
959 857 1166 929 statui,
1229 857 1509 939 siquidem
1555 873 1609 919 et
1649 861 1830 943 primo
1875 874 1928 920 et
1975 861 2224 922 secundo

343 950 543 1010 marito
574 951 758 1012 Moses
791 965 1120 1035 potestatem
1160 952 1352 1013 fecerit
1382 954 1744 1016 dimittendae
1786 956 2013 1028 uxoris;
2052 968 2226 1017 restat

343 1047 515 1128 igitur
556 1048 889 1131 hypothesis
934 1050 1096 1109 tertia
1133 1052 1281 1130 (77).

462 1143 533 1204 At
563 1147 864 1228 quominus
908 1147 1042 1208 huie
1083 1147 1421 1229 expositioni
1467 1147 1717 1207 animum
1763 1149 2025 1210 adiiciam
2072 1171 2215 1210 non-

343 1239 498 1301 nulla
543 1256 675 1302 sunt
717 1265 862 1325 quae
912 1265 1001 1303 me
1054 1244 1386 1327 impediunt.
1438 1246 1578 1303 Nam
1617 1247 1674 1303 1.
1725 1245 1781 1303 Si
1825 1247 1950 1328 ipso
1984 1247 2215 1318 fatente,

341 1337 526 1398 Moses
563 1340 847 1422 praecepit
882 1341 1167 1402 adulteros
1206 1355 1383 1401 morte
1419 1341 1585 1425 plecti
1624 1344 1744 1421 (78)
1774 1390 1786 1415 ,
1823 1363 1932 1404 non
1970 1344 2224 1423 intelligo

343 1435 627 1517 quomodo
662 1459 763 1518 per
785 1437 1103 1519 foeditatem
1145 1460 1246 1498 seu
1290 1460 1404 1497 rem
1448 1451 1657 1520 turpem
1682 1439 1992 1519 significari
2037 1440 2221 1522 possit

342 1532 712 1605 adulterium,
737 1555 850 1616 quo
876 1535 1078 1595 delicto
1109 1535 1533 1617 permittebatur
1576 1536 1776 1596 marito
1815 1536 1950 1595 dare
1973 1536 2224 1596 libellum

344 1629 590 1712 repudii.
642 1631 698 1688 2.
738 1632 859 1690 Non
889 1631 1052 1693 video
1084 1654 1259 1714 quare
1303 1632 1351 1693 si
1384 1632 1660 1692 voluisset
1690 1635 1872 1694 Moses
1921 1632 2230 1715 exprimere

343 1727 769 1788 fornicationem
816 1741 910 1788 aut
954 1729 1322 1801 adulterium,
1360 1752 1471 1790 non
1503 1730 1736 1790 definita
1765 1744 2029 1812 certaque
2072 1729 2229 1789 locu-

342 1823 493 1882 tione
543 1845 683 1883 usus
736 1824 941 1896 fuerit,
995 1825 1094 1884 sed
1141 1826 1329 1907 potius
1374 1825 1655 1886 locutione
1689 1849 1874 1907 vaga,
1912 1827 2124 1886 incerta
2173 1838 2228 1884 et

343 1920 613 2000 ambigua
654 1942 801 2001 quae
854 1942 964 1980 non
1000 1921 1254 1981 minimis
1301 1922 1773 1982 haesitationibus
1818 1936 1869 1982 et
1913 1936 2227 1982 controver-

345 2016 450 2075 siis
494 2015 679 2075 locum
711 2015 1004 2098 praeberet
1041 2019 1189 2095 (79).
1223 2020 1277 2074 3.
1316 2019 1372 2075 Si
1417 2017 1622 2076 dimitti
1665 2040 1805 2077 uxor
1854 2031 2070 2099 poterat
2110 2031 2228 2076 tan-

348 2125 465 2171 tum
509 2112 580 2171 ob
625 2112 989 2183 adulterium,
1028 2113 1291 2194 quisnam
1324 2113 1622 2172 dimissam
1654 2113 1965 2173 adulteram
1997 2113 2055 2171 in
2088 2135 2220 2172 oon-

350 2208 566 2288 iugium
592 2208 699 2267 sibi
730 2208 992 2291 copulare
1023 2230 1194 2268 ausus
1217 2208 1411 2268 esset?
1434 2209 1503 2267 Et
1526 2221 1710 2268 tamen
1740 2211 1922 2268 Moses
1955 2209 2225 2291 supponit

344 2326 469 2364 eam
500 2304 571 2364 ad
602 2304 879 2365 secundas
904 2304 1131 2386 nuptias
1163 2305 1478 2376 transiisse,
1511 2317 1607 2363 aut
1630 2304 1827 2365 saltem
1860 2305 2103 2364 transire
2126 2326 2228 2385 po-

354 2402 554 2462 tuisse.
596 2403 649 2460 4.
680 2402 1027 2483 Supponitur
1049 2401 1217 2461 etiam
1250 2424 1284 2460 a
1311 2401 1465 2461 Mose
1490 2423 1718 2461 uxorem
1744 2425 1777 2461 a
1807 2401 2056 2461 secundo
2088 2423 2228 2482 quo-

353 2521 463 2582 que
496 2499 696 2559 marito
739 2499 976 2571 dimitti3
1014 2499 1126 2558 iam
1164 2520 1295 2559 vero
1340 2498 1389 2558 si
1438 2498 1607 2558 unica
1650 2498 2003 2558 dimissionis
2049 2519 2222 2557 causa

346 2596 548 2656 suisset
579 2596 945 2668 adulterium,
975 2596 1067 2655 vix
1099 2595 1368 2655 credibile
1400 2608 1510 2666 est,
1540 2595 1689 2654 idem
1723 2596 1934 2654 crimen
1969 2593 2219 2653 secundo

346 2694 551 2777 pariter
587 2694 828 2754 divortio
876 2716 1105 2753 oausam
1145 2692 1508 2774 praebuisse,
1546 2692 1684 2773 quin
1729 2691 1895 2750 fuerit
1939 2691 2218 2772 punitum.

468 2791 765 2875 Reliquum
809 2792 977 2871 igitur
1020 2803 1131 2861 est,
1190 2802 1252 2849 ut
1294 2812 1392 2872 per
1443 2789 1667 2849 hervath
1709 2789 1885 2849 dabar
1925 2788 2226 2849 nuditatem

348 2891 433 2949 rei
460 2911 559 2950 seu
590 2912 702 2948 rem
729 2887 1066 2971 pudendam,
1113 2901 1208 2948 aut
1238 2886 1550 2968 foed-itatem
1579 2886 1885 2967 generatim
1918 2885 2224 2966 significari

471 3063 552 3116 (77)
581 3063 686 3104 lbid.

470 3130 553 3183 (78)
581 3131 900 3172 Levit.xx.1o.
929 3130 1006 3171 «Si
1029 3130 1263 3171 moechatus
1292 3129 1385 3181 quis
1415 3128 1538 3170 suerit
1571 3139 1666 3169 cum
1698 3137 1832 3168 uxore
1860 3125 2028 3167 alterius
2049 3125 2089 3166 et
2108 3124 2226 3166 adul·

346 3198 496 3239 terium
526 3198 821 3250 perpetraverit
854 3208 949 3237 cum
985 3198 1157 3248 coniuge
1189 3196 1365 3248 proximi
1403 3195 1487 3245 sui,
1520 3196 1659 3235 morte
1697 3196 1932 3244 moriatur,
1952 3194 1992 3234 et
2027 3191 2225 3232 moechus

347 3269 388 3308 et
405 3266 620 3316 adultera;
646 3282 666 3301 »
688 3267 728 3306 et
766 3266 887 3305 Deut.
911 3266 1040 3306 xxu.
1061 3270 1126 3305 22.
1149 3279 1169 3299 a
1193 3264 1236 3304 Si
1263 3262 1476 3303 dormierit
1510 3262 1575 3301 vir
1607 3273 1701 3302 cum
1734 3272 1862 3303 uxore
1899 3261 2088 3311 alterius,
2109 3261 2225 3301 uter·

346 3343 430 3386 que
457 3333 692 3381 morietur,
731 3330 774 3371 id
809 3332 870 3371 est
914 3331 1075 3371 adulter
1107 3331 1148 3370 et
1188 3329 1397 3380 adultera,
1422 3330 1465 3369 et
1498 3328 1655 3369 auferes
1682 3328 1836 3368 malum
1863 3327 1914 3367 de
1940 3327 2109 3367 Israel.»

474 3398 560 3450 (79)
590 3398 856 3450 Exploratum
889 3398 1025 3438 autem
1072 3407 1155 3437 non
1186 3397 1249 3437 est
1290 3395 1435 3447 viginti
1482 3405 1630 3435 novem
1666 3394 1826 3434 vicibus
1862 3392 2012 3445 quibus
2048 3391 2228 3433 occurrit

348 3467 392 3506 in
419 3466 545 3508 Mosis
581 3465 699 3506 libris
732 3464 910 3504 formula
942 3463 1131 3505 hervath
1161 3462 1326 3512 dabar,
1360 3462 1502 3513 viginti
1531 3461 1677 3513 septies
1700 3460 1942 3501 adhibeatur
1974 3460 2027 3500 ad
2052 3458 2226 3501 fornica·

350 3534 504 3574 tionem
539 3531 882 3585 significandam;
919 3542 1038 3581 nam,
1073 3532 1119 3570 ut
1155 3541 1206 3570 ex
1239 3529 1422 3571 dicendis
1455 3528 1649 3581 patebit,
1695 3529 1819 3579 gratis
1853 3528 1895 3571 id
1935 3528 2077 3568 auctor
2119 3535 2226 3576 egre-

347 3601 442 3650 gius
478 3600 662 3641 assumit.
