2320 4030
404 265 594 304 cmii.
620 265 684 303 ni:
708 262 998 303 pomatium
1028 260 1358 302 successwi..
1399 260 1515 300 aar.
1542 257 1578 298 1.
1849 239 1921 297 83

67 376 383 448 peccatores
429 375 559 423 sunt
594 361 745 444 apud
784 373 1036 421 nostrum
1071 359 1433 438 Magistrum,
1473 359 1551 418 ita
1585 370 1640 418 et
1670 357 1771 439 qui
1811 380 1929 417 mu-

66 458 257 521 lierem
301 459 623 541 adspiciunt
657 471 719 517 ut
754 478 876 517 eam
923 455 1324 535 concupiscant
1358 458 1549 534 (31).»
1577 454 1679 514 Ast
1722 453 1772 514 si
1809 476 1930 513 ora·

67 556 233 617 tionis
266 556 465 616 seriem
496 553 905 636 expendamus,
935 549 1148 632 patebit
1170 571 1217 609 s.
1246 551 1544 632 Martyrem
1580 550 1734 610 haud
1765 549 1924 609 dam-

68 675 235 712 nasse
280 650 555 711 secundas
610 647 869 728 nuptias,
917 668 1060 727 quas
1110 646 1439 704 successivas
1497 645 1778 717 dicimus,
1827 646 1928 706 sed

67 749 151 808 vel
195 770 290 808 eas
332 746 679 827 vituperasse
721 763 870 823 quae
912 764 1022 802 non
1074 740 1255 801 soluto
1298 741 1484 822 priore
1524 742 1752 802 vinculo
1791 763 1929 802 con-

70 844 381 914 trahuntur,
410 854 472 899 ut
498 839 617 899 vult
639 839 902 897 Maranus
932 839 1078 917 (32);
1104 835 1191 898 vel
1217 857 1314 896 eas
1346 837 1578 917 nuptias
1602 837 1926 909 damnasse,

66 963 211 1022 quas
259 936 430 998 uxore
488 935 798 996 secundum
856 935 1009 1014 leges
1066 934 1331 1004 dimissa,
1389 934 1519 1015 quis
1575 936 1932 995 contraheret

73 1057 198 1096 cum
247 1033 420 1094 altera
468 1032 712 1092 foemina
745 1045 807 1090 ut
845 1031 942 1091 alii
992 1029 1332 1091 contendunt
1361 1031 1487 1108 (33)
1514 1054 1527 1101 ;
1558 1051 1659 1089 seu
1690 1031 1931 1113 denique

70 1132 369 1190 damnasse
400 1128 775 1211 polygamiam
805 1128 1203 1187 simultaneam.
1241 1127 1386 1186 Sane
1423 1126 1735 1187 adduxerat
1765 1129 1934 1187 Iusti-

71 1250 177 1287 nus
229 1227 550 1286 immediate
608 1237 738 1283 ante
792 1223 997 1283 Christi
1041 1220 1210 1282 verba
1266 1245 1333 1282 ex
1384 1223 1580 1282 Matth.
1624 1224 1776 1295 XIX,
1828 1226 1926 1282 12.

70 1322 184 1393 Qui
215 1322 366 1381 ducit
393 1320 737 1403 repudiatam
765 1320 834 1378 ab
864 1319 1032 1378 altero
1061 1320 1206 1388 circ,
1241 1319 1579 1389 moechatur,
1610 1319 1708 1380 ubi
1740 1320 1813 1380 de
1844 1342 1926 1379 se·

68 1418 270 1478 cundis
302 1417 515 1498 nuptiis
559 1415 712 1475 nulla
754 1428 839 1475 est
883 1415 1109 1474 mentio.

193 1513 353 1583 Quod
397 1533 528 1572 vero
571 1512 768 1571 attinet
807 1510 879 1569 ad
922 1509 1225 1569 Minucium
1258 1509 1531 1582 Felicem,
1570 1533 1737 1593 quem
1783 1513 1930 1593 pari·

73 1622 154 1668 ter
196 1609 580 1668 adversantem
624 1606 886 1666 secundis
930 1605 1144 1687 nuptiis
1178 1605 1366 1687 plures
1401 1606 1732 1687 perhibent,
1768 1608 1932 1668 nobis

70 1704 330 1764 videntur
371 1725 480 1763 non
538 1702 721 1763 solido
764 1701 865 1762 niti
928 1701 1289 1763 fundamento
1347 1704 1444 1784 qui
1510 1703 1571 1762 id
1621 1703 1926 1764 affirmant.

72 1800 194 1860 Duo
237 1813 368 1859 sunt
408 1799 528 1859 loca
571 1821 717 1880 quae
760 1821 826 1859 ex
868 1821 935 1858 eo
978 1799 1034 1856 in
1080 1799 1227 1858 hanc
1266 1799 1601 1859 sententiam
1646 1800 1938 1882 proferun-

192 1956 275 2006 (31)
293 1955 469 2006 Apoloq.
489 1957 523 1994 Ι.
546 1965 587 1994 n.
623 1961 682 1996 15.

148 2069 150 2071 ,
194 2021 278 2072 (32)
306 2024 352 2062 In
379 2022 488 2062 hunc
517 2022 654 2062 locum
681 2023 778 2062 nota
804 2021 848 2062 d.

191 2087 275 2138 (33)
303 2088 372 2128 Uti
388 2099 437 2128 ex
457 2088 777 2140 protestantibus
795 2089 935 2129 tenent
948 2087 1144 2128 Thirbius
1162 2088 1204 2128 et
1222 2087 1405 2128 Ritterus
1419 2087 1462 2128 in
1475 2088 1583 2130 notis
1601 2089 1666 2130 ed.
1686 2101 1819 2131 novae
1835 2102 1932 2142 opp.

70 2166 106 2195 s.
130 2154 276 2194 lustini
317 2154 367 2194 ab
382 2156 477 2195 Otto
504 2155 725 2195 adornatae
759 2157 877 2195 lenae
915 2158 1028 2196 1847.
1057 2155 1099 2194 in
1122 2160 1158 2195 8.
1178 2155 1280 2193 tomi
1302 2156 1334 2195 Ι.
1354 2166 1395 2206 p.
1419 2157 1452 2195 Ι.
1475 2166 1567 2208 pag.
1592 2162 1655 2197 38.
1679 2157 1749 2196 ubi
1770 2157 1933 2208 legitur:

75 2238 95 2256 a
121 2215 349 2274 διγαμιάς.
376 2224 462 2262 Hac
489 2233 589 2262 voce
615 2224 806 2263 Maranus
831 2222 1022 2274 opinatus
1055 2224 1117 2262 est
1136 2222 1299 2274 nuptias
1336 2232 1359 2262 a
1395 2222 1550 2263 Iustino
1581 2223 1820 2275 vituperari,
1837 2235 1942 2275 quae

76 2297 158 2327 non
185 2287 321 2327 soluto
358 2288 495 2338 priore
533 2287 699 2328 vinculo
738 2288 1037 2328 contrahuntur
1061 2287 1264 2339 (theologi
1291 2287 1592 2339 polyqamz‘am
1621 2289 1938 2331 simultaneam

73 2353 258 2404 vocant).
277 2353 478 2394 Braunius
512 2354 738 2395 secundum
769 2354 981 2396 contendit
1013 2356 1319 2396 matrimonium
1349 2348 1469 2407 (τούς
1505 2348 1728 2409 δεύτερους
1766 2348 1940 2409 ’γάμους

77 2431 111 2458 s.
134 2420 370 2470 biyamiam
389 2423 701 2471 successivam)
716 2421 965 2473 improbari;
990 2422 1182 2462 Thirbius
1202 2424 1243 2463 et
1262 2423 1446 2464 Ritterus
1474 2422 1621 2462 melius
1649 2421 1939 2463 intellexerunt

74 2486 271 2527 secundas
294 2487 454 2539 nuptias
470 2490 569 2538 post
588 2487 783 2528 divortia
802 2489 1034 2528 contractas
1054 2499 1139 2529 nec
1156 2489 1306 2529 vetitas
1327 2488 1485 2539 legibus
1505 2488 1712 2528 humanis.
1734 2489 1813 2528 Hic
1829 2489 1939 2529 enim

78 2549 308 2599 (animadv.
330 2552 371 2591 in
392 2552 566 2603 primam
583 2563 617 2593 s.
639 2553 786 2594 Iustini
816 2563 874 2594 m.
895 2554 1056 2605 apolog.
1079 2566 1119 2606 p.
1147 2559 1208 2595 14.
1230 2555 1357 2606 seq.):
1383 2572 1402 2589 «ι
1423 2557 1530 2605 Non,
1564 2555 1714 2605 inquit,
1747 2565 1944 2605 negamus

84 2625 118 2654 s.
139 2616 338 2655 Iustinum
362 2617 614 2668 improbasse
633 2619 810 2659 secunda
825 2620 1085 2660 matrimonia
1103 2619 1355 2671 successiva,
1376 2632 1481 2672 quae
1500 2623 1660 2660 mortua
1681 2620 1808 2660 altera
1827 2623 1943 2671 parte

82 2678 298 2731 ineuntur,
327 2682 670 2732 quemadmodum
705 2685 888 2737 plerique
922 2688 1080 2727 veteres
1117 2686 1314 2727 ecclesiae
1356 2688 1490 2737 patres
1525 2686 1679 2737 fecere;
1706 2697 1851 2727 verum
1888 2698 1938 2727 ex

81 2757 130 2786 eo
161 2757 242 2787 non
277 2749 459 2798 sequitur
491 2750 730 2799 scriptorem
758 2752 837 2793 hoc
870 2754 963 2793 loco
991 2764 1088 2805 prae
1124 2753 1254 2793 oculis
1281 2753 1473 2794 habuisse
1507 2755 1548 2792 et
1573 2753 1739 2793 nomine
1765 2756 1942 2805 peccati

81 2815 269 2853 notasse:
301 2825 397 2854 nam
440 2815 668 2866 improbare
702 2818 861 2869 aliquid
893 2821 934 2859 et
976 2830 1051 2871 pro
1070 2818 1072 2821 ’
1089 2820 1257 2871 peccato
1299 2819 1448 2859 habere
1487 2819 1710 2870 plurimum
1750 2820 1856 2860 inter
1894 2831 1938 2861 se

75 2880 285 2920 differunt.
304 2882 454 2921 Notum
478 2883 540 2922 est
571 2884 705 2933 patres
731 2894 832 2924 voce
861 2878 1054 2937 διιγαμία
1075 2885 1229 2937 triplici
1255 2883 1552 2937 significatione
1577 2886 1664 2938 uti,
1694 2888 1734 2927 et
1760 2887 1940 2939 primum

80 2945 246 2996 quidem
273 2957 368 2987 cum
407 2947 500 2998 quis
530 2948 647 2989 binas
682 2949 829 2990 habeat
851 2961 1014 3002 uxores3
1045 2951 1193 2992 deinde
1226 2962 1320 2992 cum
1357 2951 1450 3002 quis
1487 2951 1751 2993 matrimonio
1785 2953 1939 3004 prioris

79 3013 265 3065 coniugis
293 3015 421 3055 morte
458 3015 617 3055 sublato
647 3015 699 3056 ad
724 3016 923 3057 secundas
949 3018 1111 3069 nuptias
1136 3018 1358 3068 transierit,
1388 3019 1564 3070 denique
1600 3020 1723 3060 tertio
1751 3020 1842 3060 loco
1861 3050 1874 3072 ‚
1901 3020 1935 3060 si

81 3081 174 3131 quis
201 3092 328 3121 uxore
354 3082 578 3123 secundum
617 3083 723 3134 leges
758 3083 927 3124 dimissa
961 3085 1085 3125 aliam
1122 3084 1300 3126 duxerit.
1337 3086 1514 3126 Tantum
1557 3085 1608 3126 de
1645 3086 1756 3127 tertii
1802 3088 1939 3126 matri·

77 3148 204 3188 monii
238 3159 381 3198 genere
400 3149 478 3189 hoc
499 3150 591 3190 loco
615 3150 814 3190 Iustinum
836 3162 954 3202 agore
971 3162 1019 3192 ex
1041 3162 1090 3192 eo
1115 3153 1249 3207 patet,
1272 3151 1381 3203 quod
1404 3152 1445 3192 in
1470 3153 1728 3204 praecedenti
1753 3154 1941 3194 oratione

82 3224 133 3254 ex
157 3213 291 3254 verbis
317 3215 470 3255 Christi
496 3215 548 3256 ad
576 3216 802 3256 moechiam
817 3217 1040 3268 spectantia
1057 3217 1140 3258 duo
1158 3219 1371 3259 notaverat
1391 3220 1515 3270 atque
1537 3218 1735 3269 edixerat,
1758 3220 1936 3270 primum

78 3280 114 3319 si
141 3280 233 3331 quis
259 3280 488 3332 adspexerit
512 3282 723 3323 mulierem
745 3283 797 3323 ad
821 3284 1187 3335 concupiscendam
1214 3296 1320 3334 eam,
1338 3285 1419 3326 iam
1440 3297 1529 3326 eam
1561 3286 1820 3327 moechatum
1851 3296 1938 3326 esse

82 3344 125 3384 in
148 3345 269 3386 corde
286 3357 375 3397 suo,
396 3348 437 3387 et
459 3347 494 3388 si
513 3347 610 3399 quis
639 3348 850 3390 dimissam
874 3349 925 3389 ab
962 3350 1043 3390 alio
1074 3361 1246 3391 uxorem
1274 3350 1473 3392 duxisset.
1506 3354 1597 3392 Duo
1621 3352 1768 3392 haecce
1795 3362 1941 3402 genera

83 3412 227 3462 repetit
251 3413 330 3453 hoc
349 3413 520 3455 addens:
545 3416 769 3457 secundum
795 3415 1025 3458 doctrinam
1044 3416 1309 3458 christianam
1334 3418 1507 3459 alterum
1529 3430 1695 3470 quoque
1721 3419 1799 3458 hoc
1821 3418 1935 3458 adul·

81 3476 228 3517 terium
253 3489 358 3531 esse,
388 3482 577 3532 quamvis
602 3482 709 3534 leges
736 3483 937 3523 humanae
975 3483 1111 3523 soluto
1141 3482 1246 3523 inter
1274 3483 1390 3523 vivos
1428 3484 1688 3524 matrimonio
1733 3483 1784 3523 ad
1826 3481 1935 3523 aliud

88 3542 304 3590 procedere
328 3546 603 3596 permittant.»

1702 3616 1736 3648 >ss
