2320 4030
272 211 385 250 CAP.
417 210 495 250 111.
524 209 588 249 DE
613 208 772 250 SENSU
795 209 946 249 TRAD.
974 206 1112 249 cmc.
1142 208 1328 249 INDISS.
1358 207 1517 249 MATR.
1547 207 1663 248 ART.
1694 207 1751 248 11.
1845 188 1964 246 383

112 330 205 369 sor
259 307 564 393 habeatur,
614 308 710 389 qui
762 328 1058 389 personam
1113 307 1235 366 eius
1289 307 1510 380 mariti,
1558 307 1656 388 qui
1700 307 1808 366 iam
1853 328 1963 366 non

110 425 236 463 esse
277 399 731 475 existimabatur,
783 402 1108 485 assumpsit.
1147 402 1237 461 Sic
1278 404 1427 462 enim
1471 403 1678 475 multa,
1714 424 1857 485 quae
1893 396 1987 462 ad*

109 521 205 559 eos
256 499 352 581 qui
404 501 462 556 in
515 499 897 579 captivitatem
946 497 1097 557 ducti
1144 510 1275 556 sunt
1326 498 1712 577 pertinebant,
1770 499 1828 556 in
1878 498 1967 557 ius

110 595 354 654 alienum
413 594 652 654 transire
707 607 1034 675 potuerunt:
1085 606 1138 653 et
1194 606 1378 652 tamen
1436 593 1663 673 plenum
1723 594 1968 653 iustitiae

109 704 212 760 est,
250 703 310 749 ut
344 690 546 748 iisdem
593 689 831 748 reversis
855 737 867 761 ,
918 689 1141 771 propria
1178 687 1564 747 reformentur.
1602 688 1763 758 Quod
1813 689 1863 749 si
1907 689 1965 747 in

108 786 437 866 mancipiiS‚
464 784 553 844 vel
576 785 633 842 in
658 785 808 864 agris
827 834 839 854 ,
876 799 972 844 aut
999 784 1165 844 etiam
1189 784 1246 842 in
1269 783 1532 843 domibus
1563 806 1629 843 ac
1657 784 1967 866 possessio-

109 881 276 939 nibus
320 881 422 939 rite
466 893 746 940 servatur:
785 894 994 962 quanto
1029 880 1210 959 magis
1254 879 1311 937 in
1355 879 1740 959 coniugiorum
1786 879 1967 939 redin-

110 976 414 1055 tegratione
455 975 773 1035 faciendum
816 991 934 1048 est,
969 990 1031 1036 ut
1059 975 1208 1058 quod
1252 974 1453 1034 bellica
1490 976 1829 1036 necessitate
1859 989 1967 1035 tur-

108 1071 298 1130 batum
336 1084 445 1143 est,
483 1072 640 1152 pacis
685 1073 931 1133 remedio
973 1070 1342 1132 reformetur?
1372 1072 1440 1130 Et
1469 1071 1594 1131 ideo
1626 1072 1674 1130 si
1704 1072 1810 1131 viri
1840 1085 1968 1152 post

108 1167 331 1246 longam
368 1167 746 1248 captivitatem
778 1169 1019 1239 reversi,
1057 1168 1133 1226 ita
1161 1167 1218 1225 in
1249 1166 1547 1227 dilectione
1577 1188 1805 1227 suarum
1835 1188 1968 1226 con-

109 1264 302 1343 iugum
346 1278 735 1345 perseverant,
787 1278 848 1324 ut
889 1286 984 1325 eas
1035 1263 1266 1344 cupiant
1308 1263 1365 1321 in
1410 1286 1574 1323 suum
1618 1263 1801 1322 redire
1843 1284 1969 1323 con-

109 1361 377 1433 sortium,
413 1361 777 1421 omittendum
811 1374 925 1433 est;
961 1374 1015 1421 et
1043 1359 1387 1441 inculpabile
1418 1360 1785 1420 iudicandum
1815 1360 1967 1441 quod

109 1456 418 1516 necessitas
464 1457 685 1530 intulit,
720 1470 774 1517 et
805 1456 1209 1517 restituendum
1254 1469 1339 1516 est
1380 1456 1531 1537 quod
1575 1456 1716 1516 fides
1760 1456 1960 1538 poscit.

109 1552 165 1609 Si
211 1565 396 1611 autem
441 1552 664 1634 aliquae
706 1553 965 1613 mulieres
996 1553 1075 1612 ita
1106 1553 1474 1633 posteriorum
1504 1553 1749 1614 virorum
1779 1575 1968 1614 amore

111 1661 242 1707 sunt
287 1661 481 1730 captae
504 1697 516 1720 ,
553 1660 615 1708 ut
642 1649 838 1709 malint
866 1648 957 1709 his
989 1648 1286 1709 cohaerere
1306 1696 1318 1720 ,
1354 1670 1523 1730 quam
1557 1648 1627 1708 ad
1658 1648 1967 1728 legitimum

112 1744 292 1804 redire
335 1744 704 1817 consortium,
743 1746 940 1805 merito
973 1758 1104 1805 sunt
1133 1745 1442 1805 notandae:
1481 1745 1560 1804 ita
1588 1757 1651 1804 ut
1679 1745 1846 1804 etiam
1878 1766 1969 1805 ec-

109 1839 427 1900 clesiastica
469 1841 859 1900 communione
900 1842 1219 1923 priventur,
1256 1862 1401 1922 quae
1443 1839 1514 1899 de
1558 1862 1616 1900 re
1659 1839 1967 1901 excusabili

109 1935 638 1995 contaminationem
682 1935 933 1995 criminis
976 1935 1284 2015 elegerint3
1334 1935 1690 1996 ostendentes
1744 1934 1971 1997 sibimet

109 2049 210 2112 pro
234 2054 337 2091 sua
357 2031 759 2092 incontinentia
789 2032 1073 2113 placuisse
1091 2080 1103 2104 ,
1139 2032 1290 2113 quod
1320 2032 1470 2092 iusta
1500 2032 1757 2092 remissio
1789 2032 1970 2113 potuit

109 2128 352 2209 expiare.
389 2128 635 2188 Redeant
678 2150 809 2209 ergo
854 2128 925 2187 ad
969 2150 1134 2188 suum
1177 2141 1383 2204 statum
1424 2128 1739 2190 voluntaria
1782 2128 1970 2188 redin-

113 2225 417 2305 tegratione
445 2225 725 2305 coniugia:
762 2247 944 2307 neque
973 2225 1087 2286 ullo
1117 2226 1282 2286 modo
1305 2226 1375 2285 ad
1400 2226 1763 2309 opprobrium
1786 2225 1967 2286 malae

109 2321 409 2382 voluntatis
465 2322 725 2395 trahant,
781 2322 935 2404 quod
987 2322 1234 2382 conditio
1284 2323 1640 2383 necessitatis
1690 2323 1961 2382 extorsit:

111 2418 244 2497 quia
289 2418 433 2478 sicut
471 2418 579 2478 hae
620 2418 880 2478 mulieres
904 2466 916 2488 ,
965 2439 1111 2498 quae
1154 2418 1353 2477 reverti
1395 2419 1466 2477 ad
1507 2419 1657 2479 viros
1702 2440 1836 2479 suos
1867 2441 1968 2479 no-

113 2511 266 2583 lunt,
314 2512 520 2593 impiae
563 2526 694 2574 sunt
745 2512 1069 2582 habendae3
1121 2513 1198 2572 ita
1241 2512 1370 2572 illae
1413 2535 1559 2595 quae
1602 2514 1659 2572 in
1704 2514 1966 2574 affectum

112 2630 179 2667 ex
222 2608 337 2667 Deo
380 2607 578 2667 initum
621 2609 889 2680 redeunt,
936 2608 1130 2668 merito
1173 2622 1306 2670 sunt
1344 2608 1657 2670 laudabiles
1707 2609 1964 2671 iudican-

113 2703 219 2764 dae
253 2706 481 2783 (282).»

234 2800 317 2858 Ex
341 2799 433 2860 his
457 2801 725 2882 Stephani
750 2804 820 2862 ΙΙ.
845 2803 1132 2885 responsis
1164 2804 1347 2864 medio
1377 2817 1571 2865 octavo
1601 2802 1791 2864 seculo
1821 2802 1967 2863 datis

116 2894 173 2953 in
203 2894 398 2956 Galliis
427 2896 654 2958 biennio
684 2912 812 2979 post
840 2899 1060 2961 concilii
1090 2900 1482 2960 vermeriensis
1513 2899 1962 2969 celebrationem,

114 2990 388 3052 discimus
419 2993 671 3052 eamdem
702 2994 1215 3057 indissolubilitatis
1247 3009 1522 3057 servatam
1554 2996 1729 3056 fuisse
1765 2992 1968 3054 doctri-

116 3109 245 3146 nam
268 3088 414 3148 circa
439 3089 756 3150 firmitatem
780 3091 1041 3151 connubii
1064 3140 1076 3164 ,
1104 3114 1249 3174 quae
1271 3092 1340 3152 ab
1366 3092 1693 3152 Innocentio
1715 3104 1768 3151 et
1789 3091 1969 3149 Leone

116 3183 315 3263 Magno
351 3184 446 3245 hic
485 3187 929 3247 commemoratis
974 3188 1174 3248 tradita
1217 3188 1412 3250 fuerat.
1451 3187 1738 3250 Coniicere
1767 3185 1968 3246 exinde

235 3337 344 3389 (282)
371 3341 480 3380 Acta
503 3351 596 3381 con.
612 3341 739 3381 Hard.
757 3342 856 3383 tom
875 3345 947 3384 111.
963 3344 1041 3384 col.
1068 3349 1164 3385 1985
1183 3356 1297 3397 seqq.
1321 3345 1361 3385 et
1381 3343 1445 3385 ed.
1466 3341 1656 3384 Ballerin.
1683 3345 1787 3394 Opp
1814 3352 1848 3382 s.
1865 3343 1963 3382 Leo·

120 3401 182 3442 nis
197 3413 260 3454 ep.
277 3406 414 3446 CLIX.
436 3418 524 3458 cap.
547 3409 654 3448 1-.1v
675 3408 754 3449 col.
778 3415 1011 3452 1130-1132.
1026 3411 1187 3462 aliquae
1205 3410 1426 3452 occurrunt
1449 3409 1554 3449 inter
1571 3412 1790 3459 utrumque
1808 3410 1964 3471 textum

118 3468 318 3509 variantes
344 3471 535 3514 lectiones
560 3474 714 3515 nullius
741 3475 823 3516 fere
850 3476 1056 3518 momenti.
