2320 4030
515 333 626 371 cst.
651 332 686 371 1.
714 332 775 370 DE.
801 328 1087 369 romanum
1120 324 1461 367 SIMULTANEA.
1492 326 1606 364 ΛΒΤ.
1630 325 1665 363 1.
1939 305 2007 359 19

173 432 508 491 cabilitatem
551 430 657 489 sibi
690 426 1004 486 tribuebant
1041 436 1287 482 veterum
1331 437 1602 482 sectarum
1655 444 1828 492 more,
1870 443 2014 502 quae

178 528 284 587 sibi
328 526 513 586 omnia
558 526 780 605 impune
823 521 988 579 licere
1031 519 1244 599 absque
1285 518 1398 576 ulla
1433 519 1639 598 peccati
1674 518 1833 588 labe,
1871 540 2014 598 quae

177 623 317 702 ipsis
362 619 622 701 imputari
669 617 862 674 merito
906 626 1095 695 posset
1132 615 1283 690 (37).

297 715 511 785 Quibus
530 713 621 771 vix
646 710 926 780 delibatis,
967 730 1200 788 pronum
1231 720 1316 765 est
1346 707 1659 787 patefacere
1690 709 1797 767 sub
1834 708 2012 767 diver-

176 814 256 871 sis
310 810 499 870 formis
557 828 724 866 unam
780 827 999 885 semper
1052 803 1418 884 eamdemque
1475 802 1546 861 ab
1603 804 2013 885 antiquissimis

179 904 470 965 haereticis
513 902 584 961 ad
639 899 1090 960 sansimonianos
1140 919 1318 977 usque
1369 910 1422 955 et
1475 900 1876 957 communistas
1934 899 2019 957 di-

176 1021 435 1060 manasse
476 996 802 1056 doctrinam.
851 995 1066 1054 Etenim
1113 993 1182 1052 ad
1228 1016 1400 1051 unum
1447 1015 1640 1052 omnes
1688 994 2021 1054 damnarunt

177 1096 397 1178 nuptias
423 1143 434 1164 ‚
485 1093 799 1152 relaxarunt
842 1090 1176 1150 matrimonii
1221 1089 1536 1161 vinculum,
1575 1091 2019 1150 communionem

178 1191 536 1251 foeminarum
581 1187 814 1269 professi
862 1199 1021 1256 sunt,
1062 1186 1234 1244 ,unice
1264 1186 1320 1243 in
1350 1186 1493 1245 votis
1525 1184 1805 1245 habebant
1833 1188 2019 1245 carnis

176 1307 344 1367 quam
387 1296 586 1345 vocant
630 1282 1154 1362 emancipationem,
1202 1281 1502 1361 carnisque
1544 1281 1853 1340 libertatem
1904 1283 2022 1341 sive

177 1381 283 1441 sub
325 1403 438 1440 uno
484 1380 600 1438 sive
642 1378 746 1437 sub
788 1377 956 1436 altero
999 1376 1181 1435 colore
1223 1399 1286 1434 ac
1332 1390 1614 1457 praetextu
1670 1376 2014 1437 asserebant.

179 1477 466 1557 Praecipui
514 1489 784 1534 sectarum
830 1473 1050 1531 illarum
1081 1473 1365 1532 architecti
1398 1486 1450 1532 et
1480 1486 1734 1532 auctores
1766 1496 1829 1533 se
1866 1474 2022 1553 ipsos

177 1586 273 1631 aut
312 1573 490 1631 Deum
534 1570 969 1651 proclamarunt,
1020 1582 1114 1627 aut
1157 1569 1354 1627 Filium
1405 1569 1539 1638 Dei,
1590 1583 1685 1627 aut
1737 1569 2021 1629 Christum

178 1679 273 1725 aut
312 1667 576 1748 Spiritum
619 1666 909 1734 Sanctum,
959 1676 1052 1722 aut
1093 1676 1239 1722 certe
1282 1664 1532 1721 intimam
1563 1686 1690 1722 cum
1729 1663 2023 1723 divinitate

177 1760 731 1821 communicationem
763 1758 869 1817 sibi
902 1757 1226 1817 tribuerunt.
1263 1759 1517 1838 Denique
1546 1779 1740 1817 omnes
1781 1759 2024 1817 immun-

176 1856 328 1915 ditiis
372 1854 682 1933 omnigenis
726 1876 786 1914 se
830 1854 1175 1912 tradiderunt
1215 1853 1410 1913 eodem
1455 1867 1700 1935 tempore
1743 1877 1854 1935 quo
1895 1876 2022 1935 pro-

178 1951 353 2031 priam
396 1948 769 2008 innocentiam
812 1970 877 2007 ac
907 1947 1198 2028 puritatem
1230 1945 1591 2019 extollebant,
1627 1970 1692 2007 ac
1724 1949 2022 2008 mulierum

177 2044 520 2104 nobilitatem
550 2042 854 2103 efferebant
883 2064 1025 2123 quas
1050 2065 1116 2100 ex
1143 2042 1471 2102 abiectionis
1502 2056 1556 2101 et
1586 2043 1870 2106 servitutis
1897 2045 2025 2124 iugo

178 2140 417 2200 relevare
459 2138 883 2200 contendebant.

295 2234 544 2294 Iamvero
586 2233 752 2292 etiam
797 2233 1202 2293 sansimoniani
1255 2247 1554 2316 coeperunt
1604 2234 1675 2294 ab
1729 2234 2019 2295 hominum

175 2329 498 2412 apotheosi,
547 2351 688 2412 quos
732 2329 959 2388 totidem
1002 2329 1170 2399 deOS,
1218 2328 1303 2389 vel
1355 2329 1663 2389 divinitatis
1718 2331 2019 2412 participes

178 2426 422 2485 fecerunt
450 2447 548 2507 per
580 2425 990 2507 pantheismum
1011 2473 1022 2493 ,
1059 2448 1158 2484 seu
1190 2426 1666 2506 pancosmismum
1692 2427 2019 2507 quemdam,

179 2521 328 2579 iuxta
356 2542 521 2603 quem
542 2521 710 2581 homo
731 2533 814 2580 est
836 2543 1096 2602 suprema
1122 2522 1492 2582 manifestatio
1520 2523 1829 2582 divinitatis
1852 2547 2021 2606 quam

181 2613 352 2673 solam
393 2630 728 2694 agnoscunt,
777 2638 975 2697 nempe
1016 2617 1263 2677 universi
1295 2618 1482 2677 totius.
1521 2617 1714 2678 Cultus
1746 2619 2026 2678 sansimo-

180 2708 471 2767 nianorum
513 2710 789 2769 obiectum
831 2724 916 2770 est
958 2733 1120 2778 carc,
1170 2713 1291 2770 eius
1336 2733 1600 2791 suprema
1643 2714 1891 2792 potentia
1943 2728 2026 2773 est

181 2803 419 2862 foemina
446 2806 564 2880 (38)
587 2851 599 2873 ,
621 2826 788 2885 quam
810 2827 1010 2864 vocare
1034 2813 1142 2865 n'on
1163 2819 1425 2865 verentur
1447 2809 1752 2867 convivium
1774 2807 1991 2867 deorum
2006 2856 2019 2877 ,

181 2898 269 2956 cui
323 2920 514 2958 omnes
571 2899 819 2959 assidere
874 2900 1078 2960 debent
1130 2901 1613 2960 indiscriminatim
1658 2926 1690 2962 a
1734 2903 1865 2983 iugo
1926 2927 2026 2964 seu

182 2993 441 3052 servitute
482 2994 816 3052 matrimonii
850 2994 1062 3053 solutae
1100 2997 1257 3072 (39);
1296 2995 1566 3055 foeminas
1606 2997 1736 3057 item
1768 2999 2026 3059 sacerdo—

301 3185 382 3235 (37)
409 3185 484 3225 His
503 3187 638 3237 piures
660 3186 764 3226 aliae
788 3187 1030 3238 posteriores
1055 3189 1188 3228 sectae
1207 3188 1330 3229 adiici
1355 3190 1519 3239 possent
1546 3190 1688 3230 eadem
1707 3201 1750 3231 se
1768 3193 1948 3242 gerentes
1969 3203 2027 3230 ra·

182 3249 290 3290 tione
323 3250 374 3291 de
409 3250 557 3302 quibus
579 3251 660 3303 egit
686 3252 881 3304 Gregoire
901 3253 945 3293 in
970 3264 1038 3305 op.
1055 3255 1248 3295 Histoire
1275 3252 1349 3295 des
1372 3258 1506 3296 scetes
1530 3255 1781 3308 reliqieuses
1810 3255 1963 3308 depuis
1992 3257 2031 3295 le

182 3318 538 3358 commem-emen!
553 3316 623 3358 du.
636 3316 763 3359 siecle
781 3317 957 3359 dernier
964 3318 1149 3371 jusqu'a
1170 3317 1364 3372 l'epoqne
1392 3321 1597 3362 actualle.
1619 3322 1733 3362 Paris
1758 3328 1869 3363 1828.
1890 3320 2028 3363 decem

183 3381 264 3420 vol.
283 3381 378 3423 in-8.

297 3448 379 3499 (³8)
408 3450 606 3490 Doctrtne
625 3450 677 3490 de
695 3453 998 3492 saint-Simon.
1025 3452 1243 3492 Pre'mtere
1266 3453 1417 3493 annee.
1442 3454 1771 3495 Introduction.

302 3514 382 3564 (39)
408 3516 471 3554 lta
500 3516 668 3556 istorum
699 3517 899 3568 principia
932 3519 1190 3568 exponuntur
1206 3518 1247 3557 in
1268 3519 1474 3569 periodica
1498 3520 1738 3561 collectione
1767 3531 1870 3570 quae
1891 3520 2028 3561 inscri-

187 3575 291 3618 bitur
313 3581 366 3619 [ι
386 3581 534 3630 Globe‚
554 3594 738 3634 quaeque
758 3584 939 3624 Lutetiae
957 3584 1007 3624 ad
1029 3585 1165 3635 plures
1184 3596 1311 3625 annos
1336 3586 1501 3635 prodiit.

1875 3655 1900 3687 it
