2320 4030
499 330 610 368 CAP.
643 331 676 368 l.
708 329 770 367 DE
802 326 1088 366 POLYGAMIA
1119 323 1464 363 SIMULTANEA.
1494 322 1608 360 ΛΒΤ.
1635 321 1709 361 111.
1932 302 2001 356 39

175 440 366 487 contra
396 439 646 486 naturam
670 473 681 493 ,
721 424 831 482 alia
860 433 1051 480 contra
1093 441 1299 489 moreS‚
1335 420 1443 478 alia
1474 431 1661 478 contra
1692 431 2001 498 praecepta.

177 523 333 591 Quae
374 542 498 579 cum
542 522 617 579 ita
659 519 802 586 sint,
851 514 989 595 quid
1032 513 1253 571 tandem
1295 513 1547 572 criminis
1591 526 1702 581 651,
1750 512 1898 592 quod
1941 512 2010 569 de

178 617 431 697 pluribus
477 613 641 674 simul
688 610 895 669 habitis
939 607 1203 667 uxoribus
1245 606 1502 665 obiicitur
1543 620 1735 666 sancto
1777 607 1895 666 viro
1926 607 2011 664 la-

176 711 323 771 cob?
366 712 421 768 Si
466 722 716 767 naturam
761 704 1054 774 consulas,
1091 724 1200 761 non
1231 702 1582 773 lasciviendi,
1620 703 1718 761 sed
1749 703 2006 782 gignendi

177 829 346 866 causa
389 805 499 863 illis
544 801 868 861 mulieribus
912 799 1196 859 utebatur:
1247 798 1293 856 si
1334 818 1572 867 morem,
1622 797 1715 857 illo
1768 812 2013 878 tempore

177 917 342 983 atque
371 903 427 959 in
458 900 568 958 illis
607 899 767 957 terris
798 897 903 956 hoc
932 894 1312 954 factitabatur:
1349 893 1395 951 si
1428 907 1812 973 praeceptum,
1858 895 2013 953 nulla

178 999 287 1077 leqe
320 995 713 1077 prohibebatur
739 996 858 1071 (95)
876 1018 926 1050 ,1)

296 1093 442 1162 Quid
489 1090 697 1172 plura?
751 1089 836 1148 vel
890 1089 1012 1169 ipse
1065 1086 1473 1155 Tertullianus,
1530 1085 1627 1164 qui
1680 1087 2015 1145 montanista

173 1188 402 1247 effectus
461 1186 864 1268 polygamiam,
912 1197 974 1241 ut
1014 1181 1289 1250 vidimus,
1339 1179 1409 1238 ab
1464 1179 1620 1238 initio
1679 1179 2012 1260 prohibitam

173 1307 208 1342 a
248 1285 361 1342 Deo
405 1282 675 1352 asseruit,
724 1302 848 1340 cum
893 1279 1078 1338 adhuc
1131 1276 1439 1337 catholicus
1481 1289 1631 1335 esset
1680 1278 2014 1335 contrarium

172 1381 395 1450 docuit,
446 1378 738 1437 scribens:
786 1377 992 1434 «Sane
1049 1373 1198 1454 apud
1255 1386 1468 1432 veteres
1525 1385 1744 1431 nostros
1773 1419 1786 1443 ,
1835 1372 2017 1452 ipsos-

173 1498 281 1556 que
324 1473 705 1555 patriarchaS‚
765 1493 874 1531 non
935 1470 1101 1529 modo
1153 1468 1402 1539 nubere,
1462 1468 1559 1527 sed
1619 1467 1784 1527 etiam
1834 1469 2017 1547 pluri-

173 1571 376 1649 fariam
431 1570 790 1627 matrimoniis
831 1566 915 1624 uti
965 1565 1052 1646 fas
1106 1565 1234 1644 suit.
1275 1564 1448 1622 Erant
1496 1576 1550 1622 et
1591 1562 2008 1622 concubinae...

176 1666 557 1724 Necessarium
590 1664 692 1722 fuit
722 1662 1042 1731 instituere,
1078 1682 1222 1741 quae
1251 1673 1443 1739 postea
1486 1672 1580 1718 aut
1621 1659 1879 1741 imputari
1910 1680 2019 1717 me-

177 1772 441 1818 rerentur.
460 1805 494 1815 ..
517 1758 687 1836 Igitur
709 1779 807 1838 per
830 1757 1101 1815 licentiam
1136 1767 1258 1813 tanc
1280 1754 1561 1833 passivam
1589 1755 1735 1831 (96),
1757 1753 2018 1812 materiae

174 1854 629 1935 subsequentium
682 1852 1130 1911 emendation-um
1183 1849 1777 1930 praeministrabantur
1805 1896 1817 1919 ,
1878 1870 2017 1930 quas

173 1950 441 2009 Dominus
498 1948 784 2027 evangelio
827 1969 964 2017 suo,
1022 1945 1225 2004 dehinc
1265 1943 1564 2023 Apostolus
1607 1943 1663 2000 in
1706 1944 2019 2002 extremita—

175 2046 323 2104 tibus
365 2045 607 2115 saeculi‚
642 2057 738 2103 aut
766 2043 970 2102 excidit
1003 2041 1407 2110 redundante8‚
1457 2053 1553 2098 aut
1594 2040 1907 2120 composuit
1935 2040 2020 2097 in—

171 2141 422 2200 conditas
452 2142 639 2218 (97).»
665 2141 745 2197 Ex
788 2138 994 2219 quibus
1038 2149 1187 2218 patet
1229 2137 1414 2217 ipsum
1458 2134 1643 2193 adhuc
1684 2134 2017 2194 catholicum

175 2258 282 2295 non
327 2236 490 2294 modo
535 2235 864 2316 permissam
890 2281 902 2304 ,
950 2254 1141 2292 verum
1184 2232 1351 2290 etiam
1394 2232 1749 2289 necessariam
1792 2244 2021 2311 putasse

178 2332 578 2391 institutionem
623 2330 1008 2411 polygamiae,
1046 2350 1190 2409 quae
1235 2341 1427 2409 postea
1469 2327 1526 2384 in
1570 2327 1858 2407 evangelio
1888 2327 2023 2388 abo—

176 2426 339 2484 lenda
369 2426 594 2485 omnino
622 2438 759 2484 erat.
797 2424 914 2481 Sibi
946 2437 1229 2504 praeterea
1259 2422 1618 2492 contradicit,
1647 2421 1780 2480 dum
1812 2443 1876 2479 ex
1907 2445 2021 2481 11113

177 2533 331 2598 parte
366 2521 719 2579 constitutam
763 2518 1147 2597 monogamiae
1175 2517 1354 2596 legem
1385 2517 1624 2575 affirmat
1655 2515 1765 2576 illis
1795 2517 2011 2575 verbis:

175 2626 227 2669 et
247 2628 397 2672 erunt
425 2615 528 2673 duo
553 2617 610 2673 in
633 2637 791 2673 carne
829 2636 968 2682 una,
1005 2614 1257 2693 adeoque
1289 2634 1443 2671 reum
1473 2612 1710 2671 violatae
1738 2611 1878 2690 legis
1909 2624 2019 2670 tra-

179 2707 331 2765 ducit
372 2709 606 2767 Lamech
629 2731 693 2768 60
716 2710 866 2789 quod
894 2710 1036 2767 duas
1067 2708 1286 2765 duxerit
1327 2727 1557 2775 uxores,
1592 2728 1658 2764 ex
1688 2706 1858 2764 altera
1892 2727 2018 2765 vero

177 2802 417 2861 affirmat
458 2803 570 2861 illis
611 2804 710 2861 Dei
752 2803 968 2862 verbis:
998 2804 1210 2861 crescite
1232 2813 1281 2859 et
1301 2801 1772 2880 multiplicamini,
1810 2801 2015 2860 licitam

175 2897 430 2957 effectam
475 2898 885 2979 polygamiam‚
934 2898 1063 2955 dum
1116 2898 1224 2955 ait:
1273 2896 1466 2954 «Sane
1518 2895 1697 2954 licebit
1750 2896 2015 2977 (polyga-

304 3066 381 3115 (95)
410 3066 497 3105 Lib.
523 3068 649 3104 XXII.
667 3067 776 3105 cont.
794 3067 983 3104 Faustum
1002 3074 1090 3114 cap.
1108 3065 1267 3103 XLVII.

296 3133 376 3180 (96)
404 3134 639 3171 Licentiam
657 3134 882 3183 passivam
909 3131 1106 3181 Rigaltius
1125 3130 1182 3169 sic
1198 3131 1378 3169 enarrat:
1397 3146 1413 3163 α
1431 3131 1620 3180 Nuptias
1640 3129 1904 3179 nncltiplices
1919 3139 2014 3179 pas-

173 3200 256 3236 sim
275 3208 534 3236 concessas.»
558 3199 654 3236 Item
680 3197 801 3237 etiam
823 3196 1029 3236 La-Cerda
1048 3196 1106 3236 sic
1127 3195 1318 3245 exponit3
1351 3195 1420 3245 qui
1445 3196 1647 3245 praeterea
1672 3194 1794 3234 verba
1825 3194 1911 3233 illa:
1939 3197 2016 3233 Ne-

172 3265 407 3302 cessarium
422 3262 520 3311 fuit
539 3265 769 3303 instituere
786 3264 841 3302 ita
860 3262 1166 3312 interpretatur:
1192 3261 1318 3300 «Vult
1346 3261 1519 3311 scriptor
1546 3260 1871 3311 (Tertullianus)
1894 3261 2013 3298 insti-

175 3331 316 3368 tutam
338 3340 365 3369 a
383 3332 466 3368 Deo
492 3329 785 3380 polygamiam,
812 3332 857 3369 ut
878 3331 1015 3379 postea
1040 3329 1193 3379 quanta
1225 3330 1327 3367 esset
1353 3328 1415 3367 vis
1438 3327 1634 3378 evangelii
1672 3327 1924 3374 nosceretur,
1959 3336 2015 3364 re-

176 3395 383 3444 primentis
401 3396 638 3435 auctoritate
657 3407 728 3436 sua
746 3396 947 3434 luxuriam
964 3394 1280 3443 connubiorum,
1303 3394 1422 3433 etiam
1440 3393 1659 3444 aliquando
1676 3393 1841 3432 licitam.
1859 3391 2014 3430 Nollem

174 3460 323 3500 <liceret
355 3460 647 3509 Tertullianus,
679 3458 1079 3509 necessarium-fuit
1107 3461 1359 3498 instituere:
1382 3458 1479 3497 satis
1505 3460 1611 3506 erat,
1634 3458 1919 3498 necessarium
1942 3456 2013 3494 suit

177 3526 446 3573 permittere.»

293 3591 372 3639 (97)
400 3591 486 3630 Lib.
514 3594 539 3630 l.
564 3592 626 3631 Aa
648 3603 773 3631 uxor.
796 3602 883 3641 cap.
906 3593 956 3629 ll.
