2320 4030
331 208 541 255 cAp,111.
565 210 629 249 nr:
645 209 805 249 sssNsU
830 210 981 249 TRAD.
1004 208 1108 248 CIR.
1133 208 1320 262 1Nn1ss.
1343 209 1500 248 MATR.
1523 208 1640 247 ΛΒΤ.
1661 207 1699 247 1.
1848 189 1961 245 267

109 308 277 366 vestri
323 308 569 386 permisit
610 307 759 365 vobis
800 306 1064 364 dimittere
1119 325 1317 362 umores
1370 316 1576 363 vestras
1595 328 1612 379 3
1660 303 1966 386 praecipua

111 414 293 460 autem
337 401 476 480 legis
513 415 739 482 propter
781 399 1042 459 duritiam
1087 398 1272 458 cordis
1315 398 1478 470 latae,
1515 412 1570 458 et
1599 399 1968 480 praestantis-

113 498 255 557 sima
295 520 427 578 pars
478 498 534 556 in
580 498 704 557 istis
749 496 1109 578 proponitur:
1158 495 1236 553 Ab
1279 496 1435 553 initio
1480 509 1658 554 autem
1708 518 1813 555 non
1855 497 1966 577 fuit

108 596 209 652 sic.
240 596 308 653 Et
338 595 396 652 in
435 616 575 654 novo
614 593 841 674 quidem
876 603 1205 652 testamento
1243 591 1516 672 quaedam
1557 592 1756 653 horum
1787 592 1966 652 instar

109 690 325 749 sancita
368 703 529 749 sunt:
584 689 850 758 Quoniam
891 690 1104 770 Moyses
1148 687 1220 746 ad
1274 687 1537 746 duritiam
1581 689 1758 748 cordis
1799 690 1968 748 vestri

98 788 351 867 permisit
378 787 527 845 vobis
559 785 825 843 dimittere
854 808 1049 844 umores
1079 797 1321 852 vestras;
1357 806 1486 842 nam
1518 785 1680 865 quasi
1716 807 1816 865 pro
1846 806 1968 845 cor-

105 884 195 942 dis
218 905 407 942 eorum
432 882 636 940 duritie
661 882 717 939 id
743 882 1082 941 infirmitatis
1107 881 1284 961 gratia
1308 880 1575 961 scriptum
1600 895 1714 940 est:
1738 883 1968 962 Propter

105 979 514 1058 fornicationem
559 989 737 1034 autem
778 978 1144 1058 unusquisque
1191 998 1347 1035 suam
1388 998 1612 1034 umorem
1656 977 1880 1046 habeat,
1918 990 1969 1036 et

106 1095 457 1153 unaquaeque
491 1095 648 1132 suum
690 1074 869 1131 virum
907 1073 1130 1132 habeat:
1167 1084 1220 1131 et
1256 1071 1431 1130 illud:
1482 1070 1657 1130 Uoeori
1686 1073 1775 1130 vir
1818 1073 1969 1131 debi-

113 1181 223 1226 tum
254 1168 448 1227 reddat
462 1193 479 1239 ;
506 1170 759 1227 similiter
781 1181 958 1227 autem
979 1181 1029 1227 et
1049 1190 1191 1227 uoeor
1210 1168 1348 1226 vir0.
1378 1167 1482 1227 His
1510 1167 1700 1248 itaque
1728 1168 1967 1227 subiun-

104 1265 285 1344 gitur:
329 1265 444 1324 Hoc
481 1278 661 1324 autem
704 1265 820 1324 dico
863 1263 1152 1323 secundum
1185 1263 1617 1344 indulqentiam‚
1646 1286 1751 1322 non
1773 1286 1963 1323 secun-

103 1360 231 1418 dum
273 1362 575 1440 imperium.
617 1359 764 1431 Quin
807 1372 862 1419 et
897 1358 1067 1418 illud:
1100 1358 1304 1417 Mulier
1336 1359 1575 1439 alliqata
1617 1371 1724 1428 est,
1765 1373 1966 1440 quanto

105 1470 331 1538 tempore
366 1459 455 1515 vir
481 1459 594 1515 eius
630 1458 804 1515 vivit:
843 1456 983 1536 quod
1018 1457 1072 1514 si
1101 1455 1378 1514 dormierit
1412 1457 1500 1514 vir
1541 1456 1687 1525 eius,
1735 1456 1966 1515 liberata

104 1566 198 1621 est,
229 1554 319 1611 cui
351 1554 470 1611 vult
503 1553 701 1622 nubat,
748 1565 953 1611 tantum
986 1555 1044 1611 in
1066 1553 1318 1621 Domin0,
1350 1574 1450 1632 pro
1473 1551 1679 1611 duritie
1701 1553 1887 1612 cordis
1912 1566 1968 1613 et

102 1648 422 1707 infirmitate
463 1649 612 1730 apud
646 1647 875 1707 Paulum
901 1647 1062 1707 nobis
1088 1647 1300 1729 potiora
1323 1647 1470 1706 dona
1495 1648 1724 1719 sectari,
1755 1661 1808 1707 et
1829 1648 1965 1708 bea-

101 1744 269 1803 tiores
293 1745 439 1803 effici
464 1744 780 1803 nolentibus
804 1744 1013 1804 dictum
1036 1757 1139 1803 est.
1157 1745 1272 1802 Iam
1288 1765 1419 1803 vero
1441 1756 1631 1803 contra
1648 1744 1966 1825 Scripturae

99 1838 306 1917 legem,
337 1839 556 1897 mulieri
586 1840 805 1899 vivente
834 1839 953 1898 viro
983 1839 1192 1897 nubere
1223 1838 1452 1918 quidam
1485 1839 1757 1898 ecclesiae
1789 1852 1967 1899 recto-

101 1956 188 1992 res
232 1934 637 2016 permiserunt,
688 1947 913 2014 agentes
949 1947 1140 1992 contra
1170 1933 1227 1990 id
1258 1933 1409 2014 quod
1441 1934 1712 2014 scriptum
1751 1948 1868 2007 est,
1905 1936 1964 1994 in

99 2052 211 2111 quo
257 2031 339 2090 sic
382 2030 647 2089 habetur:
695 2032 898 2089 Mulier
934 2031 1168 2109 alliqata
1214 2042 1324 2098 est,
1367 2043 1566 2110 quanto
1615 2044 1841 2111 tempore
1877 2033 1966 2090 vir

99 2127 213 2184 eius
237 2128 406 2195 vivit,
445 2139 498 2185 et
528 2139 717 2185 contra
750 2125 889 2184 illud
916 2150 927 2184 :
963 2127 1146 2205 Iqitur
1184 2127 1393 2184 vivente
1431 2127 1548 2184 viro
1579 2127 1774 2185 mulier
1806 2148 1965 2186 voca-

102 2222 247 2280 bitur
294 2222 575 2291 adultera‚
620 2225 671 2281 si
711 2223 877 2304 fuerit
928 2245 1045 2281 cum
1101 2223 1209 2281 alio
1257 2223 1412 2292 viro;
1458 2244 1569 2281 non
1612 2223 1839 2282 omnino
1883 2236 1966 2282 ta-

101 2340 227 2376 men
266 2320 387 2379 sine
423 2320 669 2391 ratione,
711 2320 848 2378 haec
883 2322 1030 2378 enim
1067 2331 1259 2378 contra
1292 2319 1468 2398 legem
1507 2318 1669 2378 initio
1704 2319 1871 2377 latam
1910 2331 1964 2378 et

102 2414 361 2495 scriptam
387 2464 399 2487 ,
451 2417 521 2474 ad
576 2416 805 2475 vitanda
848 2415 1074 2495 peiora,
1124 2414 1306 2474 alieno
1349 2414 1578 2474 arbitrio
1621 2437 1830 2475 morem
1874 2436 1963 2494 ge·

107 2521 285 2567 rentes
329 2531 423 2568 eos
467 2511 793 2591 permisisse
838 2499 1144 2570 verisimile
1186 2521 1333 2568 est.»

229 2605 427 2663 «Dicet
454 2628 584 2665 vero
615 2607 851 2666 fortasse
893 2605 1154 2664 iudaicus
1191 2605 1473 2686 quispiam
1504 2606 1590 2665 vir
1612 2654 1623 2676 ‚
1660 2628 1725 2664 ex
1756 2605 1827 2664 iis
1859 2605 1957 2687 qui

102 2700 462 2780 Sospitatoris
495 2702 670 2761 nostri
703 2701 987 2761 doctrinae
1010 2701 1274 2780 refragari
1299 2701 1523 2773 audent,
1556 2702 1740 2761 Iesum
1772 2701 1960 2782 ipsum

101 2817 225 2854 cum
261 2796 432 2854 dixit:
473 2797 660 2855 Omnis
694 2798 790 2876 qui
825 2796 1092 2854 dimiserit
1126 2818 1349 2854 umorem
1374 2817 1562 2865 suam,
1594 2809 1816 2876 eaecepta
1854 2796 1964 2878 sor-

100 2894 389 2952 nicationis
430 2915 626 2962 causa,
657 2895 793 2974 facit
838 2915 954 2951 eam
996 2894 1291 2961 moechari,
1341 2893 1726 2974 repudiandae
1769 2892 1960 2953 uxoris

101 3002 425 3074 potestatem
451 2990 650 3050 fecisse
674 2990 821 3048 haud
849 3011 1011 3048 secus
1039 3011 1102 3047 ao
1125 2991 1351 3071 Moysen
1379 3038 1390 3060 ,
1428 3012 1593 3071 quem
1626 3012 1725 3071 pro
1754 2989 1960 3048 duritie

102 3086 285 3146 cordis
312 3087 500 3168 populi
528 3088 701 3167 legem
730 3086 926 3145 tulisse
948 3085 1115 3144 dixit:
1144 3099 1196 3145 et
1221 3086 1378 3145 illud:
1399 3086 1542 3157 Quia
1563 3087 1870 3168 foeditatem
1900 3086 1958 3143 in

102 3203 164 3239 ea
192 3183 429 3251 invenit,
462 3183 609 3242 idem
636 3204 762 3242 esse
783 3182 930 3241 dicet
951 3203 1016 3240 ac
1041 3182 1421 3241 fornicationis
1453 3204 1708 3252 causam,
1735 3192 1959 3262 propter

104 3298 271 3357 quam
316 3279 436 3338 iure
477 3279 677 3338 mulier
719 3301 751 3337 a
792 3279 910 3338 viro
969 3278 1248 3359 repudiari
1308 3279 1528 3359 possit:
1580 3299 1768 3338 verum
1824 3275 1957 3335 huic

106 3375 551 3453 respondendum
582 3388 698 3447 est,
736 3375 953 3435 etiamsi
985 3397 1051 3434 ex
1081 3374 1220 3454 legis
1263 3375 1524 3434 mandato
1567 3372 1767 3444 mulier
1803 3370 1958 3430 adul-

106 3466 227 3525 terii
273 3490 365 3529 rea
406 3470 689 3551 lapidibus
745 3470 997 3531 necanda
1041 3469 1148 3541 sit,
1196 3489 1305 3528 non
1350 3469 1426 3527 ita
1471 3467 1785 3528 foeditatem
1828 3488 1953 3526 esse
