2320 4030
405 259 476 312 54
681 278 778 315 ιιΒ.
816 276 890 314 ιιι.
931 274 1068 313 sacr.
1106 275 1141 312 ι.
1181 275 1243 313 ιιι]
1276 276 1429 314 MATR.
1469 274 1668 314 cumsr.
1703 275 1940 318 ιΝιΤΑΤΕ.

523 374 679 442 Quod
724 371 947 451 quidem
992 371 1196 429 clarius
1244 372 1428 430 adhuc
1473 395 1535 430 ex
1579 372 1716 431 locis
1748 375 2029 453 parallelis
2066 375 2228 437 Marci

401 485 454 528 et
485 471 658 527 Lucae
680 467 1042 545 dignoscitur.
1072 469 1209 526 Nam
1234 468 1382 527 nulla
1406 468 1621 527 adiecta
1643 470 1956 531 conditione
1978 472 2231 532 Christus

401 566 565 621 Marc.
595 563 657 618 X.
692 563 786 618 11.
825 562 1074 622 absolute
1118 564 1477 642 pronunciat:
1520 563 1920 645 «Quicumque
1961 566 2233 626 dimiserit

399 678 618 715 uxorem
644 678 799 715 suam
824 705 834 727 ,
864 670 917 716 et
937 656 1101 716 aliam
1126 658 1367 727 duxerit,
1396 658 1727 717 adulterium
1754 659 2044 720 committit
2066 683 2234 742 super

399 774 584 822 eam,»
612 752 668 809 id
714 766 800 811 est
841 766 1023 812 contra
1065 776 1179 811 eam
1215 755 1413 830 <130);
1450 766 1504 813 et
1545 755 1694 835 apud
1730 756 1930 814 Lucam
1959 756 2094 814 XVI.
2131 758 2227 814 13.

404 846 637 905 «Omnis
681 847 774 927 qui
820 847 1045 906 dimittit
1087 869 1308 906 uxorem
1355 869 1513 906 suam
1543 861 1597 907 et
1624 848 1849 908 alteram
1881 850 2060 922 ducit,
2095 872 2237 910 moe-

397 941 625 1012 chatur,
663 955 715 1001 et
746 943 842 1022 qui
877 942 1168 1001 dimissam
1203 965 1233 1000 a
1263 943 1381 1002 viro
1413 942 1594 1015 ducit,
1630 945 2011 1005 moechatur.»
2032 946 2085 1003 Si
2118 968 2238 1027 pro-

402 1037 529 1095 inde
571 1037 781 1118 absque
839 1037 1056 1118 piaculo
1101 1060 1449 1119 quocumque
1495 1039 1550 1096 in
1597 1060 1733 1099 casu
1775 1064 1883 1101 non
1926 1042 2053 1101 licet
2101 1042 2237 1102 alte-

402 1155 514 1190 ram
562 1133 764 1192 ducere
810 1155 1062 1204 uxorem,
1100 1134 1341 1214 profecto
1373 1136 1723 1213 monogamia
1760 1137 1835 1195 ita
1872 1138 2085 1197 sancita
2121 1151 2230 1208 est,

397 1241 456 1285 ut
504 1228 817 1308 polygamia
874 1229 928 1285 in
974 1229 1093 1308 lege
1138 1229 1440 1289 christiana
1493 1231 1718 1289 omnino
1776 1231 1991 1291 sublata
2041 1233 2231 1293 haberi

397 1322 612 1382 debeat.

519 1418 723 1477 Christi
776 1433 1059 1499 praeterea
1108 1421 1434 1479 sententiam
1479 1420 1774 1501 Apostolus
1819 1434 1932 1480 tum
1963 1424 2020 1480 in
2050 1423 2226 1503 Epist.

398 1514 466 1571 ad
512 1514 663 1573 Rom.
715 1527 827 1572 tum
872 1515 929 1571 in
975 1514 1149 1595 Epist.
1189 1517 1229 1572 Ι.
1270 1516 1337 1574 ad
1382 1515 1506 1574 Cor.
1545 1515 1706 1575 nobis
1761 1516 2047 1587 declarat,
2102 1518 2234 1576 dum

398 1609 546 1666 omni
579 1609 898 1688 exceptione
930 1623 1137 1668 remota
1160 1610 1372 1669 infinite
1395 1611 1754 1692 pronunciat:
1785 1612 1994 1691 «Igitur
2019 1613 2236 1673 vivente

401 1705 551 1773 viro,
587 1704 876 1763 vocabitur
905 1705 1179 1777 adultera,
1218 1706 1265 1765 si
1296 1707 1459 1766 fuerit
1487 1728 1612 1766 cum
1644 1707 1754 1766 alio
1785 1707 1931 1779 viro;
1969 1708 2016 1767 si
2055 1721 2235 1767 autem

398 1813 647 1859 mortuus
693 1800 856 1859 fuerit
897 1801 982 1860 vir
1026 1801 1179 1872 eius,
1228 1802 1461 1862 liberata
1502 1816 1587 1862 est
1631 1825 1664 1862 a
1712 1803 1832 1882 lege
1860 1804 1999 1873 viri,
2039 1817 2235 1863 utnon

398 1895 469 1952 sit
512 1894 784 1965 adultera,
823 1896 869 1954 si
915 1896 1079 1954 fuerit
1107 1918 1232 1955 cum
1263 1897 1373 1956 alio
1402 1898 1521 1956 viro
1559 1899 1788 1974 (131).»
1811 1899 1879 1956 Et
1900 1922 1926 1953 «
1946 1898 2019 1956 lis
2050 1912 2234 1957 autem

398 1990 491 2068 qui
531 1990 878 2049 matrimonio
922 1990 1093 2049 iuncti
1124 2007 1282 2060 sunt,
1320 1993 1634 2072 praecipio,
1671 2013 1780 2050 non
1811 2013 1945 2071 ego,
1987 1993 2084 2051 sed
2124 1994 2235 2053 Do-

398 2084 615 2152 minus,
651 2107 876 2143 uxorem
908 2107 939 2143 a
969 2085 1087 2144 viro
1117 2107 1225 2145 non
1258 2086 1573 2157 discedere;
1611 2087 1758 2167 quod
1791 2088 1837 2145 si
1877 2087 2230 2159 discesserit,

401 2201 620 2237 manere
653 2180 943 2260 innuptam
975 2194 1068 2239 aut
1096 2181 1212 2240 viro
1237 2203 1337 2240 suo
1362 2182 1700 2241 reconciliari
1732 2184 1956 2259 (132).»
1977 2185 2038 2241 In
2066 2184 2233 2264 priori

400 2274 711 2333 testimonio
742 2297 865 2333 cum
898 2276 1245 2355 praemiserit
1273 2276 1569 2358 Apostolus
1601 2299 1667 2336 ea
1702 2277 1898 2336 verba:
1934 2280 2234 2338 Scientz'bus

402 2370 562 2448 leqem
610 2370 816 2449 loquor,
868 2384 1016 2450 patet
1057 2371 1243 2450 ipsum
1288 2371 1534 2431 alludere
1578 2372 1646 2431 ad
1691 2372 2074 2452 primigeniam
2119 2395 2234 2432 ma-

400 2465 638 2523 trimonii
683 2466 1112 2535 institutionem7
1163 2490 1272 2547 qua
1317 2467 1656 2527 matrimonii
1700 2481 1814 2526 tum
1857 2468 2069 2539 unitas,
2118 2482 2231 2527 tum

403 2560 865 2619 indissolubilitas
897 2562 1195 2621 constituta
1217 2576 1325 2633 est,
1356 2585 1637 2644 quamque
1660 2563 1914 2623 Christus
1946 2565 2236 2623 confirma-

404 2656 477 2714 vit
508 2656 698 2714 Matth.
728 2657 869 2714 XIX.
894 2658 1092 2715 6.dum
1125 2659 1323 2717 reiecto
1356 2658 1541 2717 libello
1573 2660 1786 2740 repudii
1831 2682 1862 2717 a
1893 2660 2081 2741 Moyse
2110 2682 2234 2741 per-

403 2751 602 2822 misso,
636 2752 809 2811 voluit
837 2766 898 2811 ut
928 2754 995 2811 ad
1028 2754 1319 2834 pristinam
1345 2755 1715 2814 conditionem
1742 2755 2056 2834 coniugium
2082 2778 2236 2815 revo-

400 2862 644 2917 caretur,
695 2847 764 2905 ad
809 2848 1103 2927 perfectam
1150 2849 1363 2908 scilicet
1419 2850 1682 2908 unitatem
1716 2850 1868 2908 etad
1913 2865 2231 2930 perpetuam

401 2942 968 3002 indissolubilitatem.
1008 2944 1129 3013 Quo
1172 2945 1261 3013 fit,
1311 2959 1368 3003 ut
1412 2945 1527 3004 sive
1568 2946 1652 3004 vir
1696 2946 1813 3003 sive
1843 2945 2040 3003 mulier
2074 2967 2234 3002 num-

400 3058 566 3116 quam
598 3037 816 3116 possint
845 3037 999 3098 alteri
1031 3039 1313 3116 coniungi,
1343 3060 1691 3119 quacumque
1721 3040 1940 3096 demum
1971 3061 2036 3096 ex
2066 3060 2233 3098 causa

402 3132 692 3210 contigerit
733 3147 793 3191 ut
835 3134 1066 3192 invicem
1115 3147 1469 3214 separentur3
1517 3135 1666 3214 quod
1714 3135 1759 3192 si
1806 3134 1959 3193 alteri
2010 3135 2233 3194 coniun-

400 3242 630 3305 gantur,
677 3251 891 3309 semper
928 3229 1163 3287 debeant
1206 3229 1282 3288 rei
1326 3228 1578 3288 adulterii
1620 3231 1851 3289 censeri.
1890 3229 2231 3290 Adulterium

524 3399 629 3447 (130)
655 3399 716 3438 Cf.
736 3398 954 3438 Maldonat.
980 3399 1018 3438 in
1040 3400 1180 3439 Matth.
1208 3402 1311 3439 XIX.

520 3465 625 3513 (1:31)
655 3467 768 3504 Rom.
792 3467 880 3504 vll.
901 3471 935 3504 3.
1366 3462 1369 3465 “

522 3533 628 3579 (132)
660 3535 685 3570 ι.
713 3534 803 3572 Cor.
826 3534 913 3571 Vll.
943 3538 999 3572 ιο.
