2320 4030
349 287 416 342 40
614 305 712 343 LIB.
751 303 829 343 111.
867 302 1008 341 SECT.
1047 303 1085 341 1.
1121 304 1185 343 1)ss
1232 305 1387 343 MATR.
1419 304 1619 344 CHRIST.
1652 306 1895 349 UNITATE.

344 403 455 460 mia
480 403 661 479 ).‚..si
698 402 862 458 etiam
896 422 1042 459 nunc
1086 401 1242 461 locus
1272 404 1424 462 vocis
1458 403 1607 463 illius
1634 452 1645 474 ,
1682 410 1895 465 crescite
1926 421 1975 467 et
2003 409 2190 469 multi-—

338 498 627 578 plicamini
653 496 707 552 id
739 508 856 566 est,
901 496 948 555 si
996 498 1241 557 nondum
1290 499 1398 558 alia
1441 521 1545 559 vox
1589 503 1934 581 supervenit,
1969 518 2188 587 tempus

344 595 451 652 iam
498 593 553 650 in
598 591 826 651 collecto
868 595 1159 655 esse...Ut
1188 596 1384 676 opinor
1420 609 1599 655 autem
1640 599 1806 658 unius
1851 613 1904 658 et
1939 601 2187 661 eiusdem

342 690 438 748 Dei
471 700 695 768 utraque
730 691 1104 768 pronuntiatio
1135 704 1184 750 et
1213 691 1492 771 dispositio
1530 709 1642 765 est,
1681 697 1775 775 qui
1809 708 1922 754 tum
1962 697 2189 777 quidem

340 787 398 843 ‘in
444 784 748 864 primordio
791 799 1094 845 sementem
1152 787 1371 866 generis
1423 789 1609 851 emisit
1649 790 1877 849 indultis
1920 793 2192 871 coniuqio-

338 901 458 937 rum
482 880 730 949 habeni'S,
767 880 945 939 donec
976 881 1220 942 mundus
1258 881 1560 962 repleretur
1581 932 1594 955 ,
1623 884 1798 945 donec
1822 908 1996 946 novae
2028 886 2192 947 disci-

340 976 524 1056 plinae
578 977 809 1036 materia
868 977 1191 1057 proficeret:
1243 1000 1389 1038 nunc
1429 1001 1560 1038 vero
1604 981 1708 1039 sub
1753 983 2190 1043 extremitatibus

340 1086 647 1152 temporum
706 1074 1038 1153 compressit
1092 1074 1241 1155 quod
1297 1074 1589 1145 emiserat,
1640 1088 1692 1134 et
1733 1079 2009 1137 revocavit
2052 1078 2192 1159 quod

340 1168 640 1227 indulserat
667 1171 855 1247 (98).»

460 1264 565 1321 Sed
598 1265 733 1344 quid
765 1265 1065 1324 dicendum
1095 1267 1165 1324 de
1196 1289 1244 1325 S.
1270 1267 1637 1348 Hieronymo,
1666 1268 1763 1348 qui
1796 1268 1989 1328 eadem
2021 1270 2191 1329 ferme

340 1359 661 1418 Tertulliani
698 1361 867 1420 verba
905 1361 1233 1442 usurpavit,
1283 1363 1415 1420 dum
1461 1376 1690 1422 accusat
1727 1363 1962 1422 Lamech
2007 1366 2190 1444 gravis

339 1455 587 1515 criminis
621 1456 691 1515 ob
723 1456 1176 1538 superinductam
1222 1457 1451 1516 alteram
1488 1479 1715 1517 uxorem
1748 1471 1939 1517 contra
1966 1459 2066 1518 Dei
2097 1481 2194 1519 vo-

339 1552 602 1612 luntatem
647 1576 711 1612 ac
752 1553 976 1633 legem?
1020 1555 1169 1624 Quid
1202 1555 1272 1612 de
1303 1554 1529 1614 Nicolao
1562 1555 1631 1626 l.‚
1662 1556 1985 1615 Innocentio
2016 1557 2112 1613 111.
2142 1570 2195 1616 et

340 1649 597 1729 Gregorio
630 1651 720 1708 lx.
753 1651 849 1732 qui
882 1652 937 1708 in
972 1652 1167 1710 eadem
1209 1651 1362 1711 fuere
1404 1651 1719 1712 sententia?
1750 1653 1888 1711 Nam
1934 1653 2197 1712 Innocen-

340 1746 450 1804 tius
483 1747 580 1804 ΙΙΙ.
620 1747 842 1819 statuit,
892 1749 1039 1829 quod
1084 1750 1264 1808 Deus:
1301 1750 1469 1809 «Non
1499 1749 1637 1808 dixit
1684 1762 1795 1808 tres
1835 1748 1924 1808 vel
1970 1750 2189 1830 plureS,

339 1842 436 1901 sed
481 1843 621 1902 duo:
673 1866 774 1902 nec
818 1845 958 1903 dixit
1000 1846 1327 1906 adhaerebit
1368 1846 1670 1916 uxorihuS,
1720 1846 1818 1905 sed
1861 1847 2040 1904 uxori.
2084 1847 2194 1906 Nec

340 1938 437 1996 ulli
469 1962 737 2020 umquam
776 1940 933 1999 licuit
976 1940 1201 1999 insimul
1236 1942 1421 2023 plures
1453 1964 1653 2001 uxores
1686 1941 1925 2012 habere,
1963 1942 2072 2000 nisi
2102 1943 2192 2000 cui

339 2034 442 2093 fuit
483 2036 673 2095 divina
716 2037 1036 2095 revelatione
1081 2058 1410 2096 concessum
1457 2040 1646 2115 (99);»
1675 2050 1728 2095 et
1765 2037 2063 2116 Gregorius
2096 2037 2187 2095 [X.

339 2131 532 2190 scribit
572 2132 642 2190 de
686 2132 957 2192 Lamech:
1001 2133 1199 2192 «Dum
1235 2156 1462 2193 uxorem
1506 2156 1672 2192 unam
1716 2133 1905 2193 divisit
1936 2135 1993 2191 in
2024 2133 2189 2205 duaS,

341 2229 738 2307 sanguinarius
788 2229 967 2289 factus
1010 2243 1094 2289 est
1136 2244 1190 2289 et
1230 2230 1411 2289 virum
1468 2229 1523 2287 in
1569 2252 1731 2289 suum
1790 2228 1993 2289 vulnus
2049 2231 2194 2289 ocei—

340 2323 420 2381 dit
448 2326 677 2402 (100).»

459 2419 763 2479 Dicendum
809 2421 960 2481 haud
1005 2445 1167 2502 aegre
1213 2422 1351 2482 haec
1396 2445 1563 2504 posse
1602 2424 1859 2503 componi
1893 2424 2195 2482 dummodo

342 2537 471 2596 prae
514 2517 690 2576 oeulis
735 2519 839 2577 tria
884 2518 1225 2590 habeantur,
1263 2542 1407 2600 quae
1436 2519 1600 2579 valde
1634 2519 1766 2578 huic
1809 2519 2194 2600 explanandae

340 2614 652 2693 quaestioni
718 2615 1023 2674 inserviunt
1059 2640 1070 2685 3
1142 2638 1205 2675 ac
1261 2618 1439 2695 primo
1502 2616 1842 2675 advertimus
1899 2617 2075 2675 Deum
2135 2617 2193 2674 in

343 2710 626 2788 primaeva
680 2712 922 2790 coniugii
981 2712 1328 2771 institutione
1373 2734 1482 2772 non
1539 2713 1702 2772 modo
1758 2712 2087 2793 patefecisse
2126 2735 2192 2771 ex

341 2806 645 2866 intentione
689 2829 752 2865 ac
795 2808 1076 2867 voluntate
1109 2830 1211 2867 sua
1241 2809 1649 2887 monogamiam
1681 2831 1804 2868 esse
1835 2809 2186 2878 servandam,

342 2901 439 2960 sed
485 2914 767 2981 praeterea
812 2903 867 2960 id
912 2903 1117 2963 clarius
1162 2904 1337 2963 fuisse
1384 2904 1758 2983 significatum
1802 2926 1899 2984 per
1928 2905 2096 2963 verba
2133 2904 2189 2961 in

464 3059 544 3106 (93)
578 3061 634 3097 De
660 3058 878 3098 exhortae.
899 3062 1042 3099 caslic.
1065 3071 1153 3110 cap.
1178 3062 1246 3099 VI.

463 3126 592 3174 Atque
607 3125 695 3164 heic
715 3125 1120 3165 animadvertendum
1141 3128 1203 3165 est
1219 3126 1517 3166 'rei-tullianum
1540 3127 1580 3165 in
1597 3127 1711 3165 libris
1731 3138 1835 3176 quos
1847 3126 2040 3166 adversus
2056 3127 2192 3167 catho-

345 3191 463 3230 licam
501 3191 661 3242 scripsit
696 3192 907 3232 ecelesiam
941 3193 1086 3232 acriter
1124 3192 1225 3231 adeo
1263 3193 1550 3242 perstrinxisse
1577 3193 1867 3243 polygamiam,
1904 3195 1947 3232 ut
1983 3193 2192 3233 damnaret

340 3258 536 3297 secundas
565 3258 743 3309 nuptias:
764 3259 964 3309 siquidem
986 3260 1070 3310 ipse
1090 3259 1325 3310 permiscuit
1344 3259 1611 3310 polygamiam
1629 3260 1897 3299 successivam
1918 3271 2011 3299 cum
2032 3261 2191 3311 polyga-

342 3324 422 3363 mia
454 3325 717 3373 simultanea,
760 3327 800 3363 et
833 3325 948 3375 quasi
982 3325 1031 3364 de
1066 3336 1145 3364 una
1181 3324 1403 3375 eademque
1439 3336 1481 3365 re
1518 3330 1733 3375 ageretur,
1777 3326 1992 3375 utramque
2027 3326 2193 3365 ‹launnat

340 3394 548 3440 tamquam
581 3402 603 3430 a
645 3393 728 3430 Deo
764 3391 909 3441 quovis
943 3394 1125 3442 tempore
1155 3392 1335 3431 vetitam.

461 3459 542 3508 (99)
570 3459 668 3509 Cap.
691 3457 959 3506 Gaudemus,
983 3460 1043 3498 tit.
1067 3460 1173 3499 XIX.
1198 3461 1259 3499 De
1280 3458 1504 3509 divortiis,
1526 3470 1562 3499 c.
1584 3467 1621 3499 s.

463 3524 569 3574 (100)
598 3525 723 3575 Epist.
742 3527 811 3564 Vi.
834 3524 886 3564 ad
911 3527 1157 3565 Germanum
1179 3526 1354 3576 archiep.
1374 3535 1551 3575 graecor.
1572 3527 1629 3564 De
1649 3527 1821 3566 unitate
1840 3526 2055 3565 ecclesiae.
2074 3526 2188 3577 Apud

345 3591 549 3630 Labbeum
574 3592 733 3631 Concil.
751 3594 852 3632 tom.
876 3594 943 3631 XI.
964 3594 1068 3642 part.
1092 3595 1122 3631 Ι.
1146 3593 1223 3632 col.
1254 3598 1340 3632 325.
1362 3592 1425 3632 ed.
1450 3592 1664 3631 parisiens.
