<?xml version="1.0" encoding="UTF-8"?>
<!DOCTYPE html PUBLIC "-//W3C//DTD XHTML 1.0 Transitional//EN"
    "http://www.w3.org/TR/xhtml1/DTD/xhtml1-transitional.dtd">
<html xmlns="http://www.w3.org/1999/xhtml" xml:lang="en" lang="en">
 <head>
  <title>
</title>
<meta http-equiv="Content-Type" content="text/html;charset=utf-8" />
  <meta name='ocr-system' content='tesseract 3.04.00' />
  <meta name='ocr-capabilities' content='ocr_page ocr_carea ocr_par ocr_line ocrx_word'/>
</head>
<body>
  <div class='ocr_page' id='page_1' title='image "a603380703perruoft_0291.png"; bbox 0 0 2320 4030; ppageno 0'>
   <div class='ocr_carea' id='block_1_1' title="bbox 330 195 1987 260">
    <p class='ocr_par' dir='ltr' id='par_1_1' title="bbox 330 195 1987 260">
     <span class='ocr_line' id='line_1_1' title="bbox 330 195 1987 260; baseline -0.005 0"><span class='ocrx_word' id='word_1_1' title='bbox 330 221 443 260; x_wconf 65' lang='lat' dir='ltr'>cst.</span> <span class='ocrx_word' id='word_1_2' title='bbox 473 219 551 260; x_wconf 89' lang='lat'>111.</span> <span class='ocrx_word' id='word_1_3' title='bbox 581 220 645 259; x_wconf 70' lang='lat' dir='ltr'>nr:</span> <span class='ocrx_word' id='word_1_4' title='bbox 676 214 834 260; x_wconf 64' lang='lat' dir='ltr'>seusu</span> <span class='ocrx_word' id='word_1_5' title='bbox 865 216 1017 257; x_wconf 71' lang='lat' dir='ltr'>rim).</span> <span class='ocrx_word' id='word_1_6' title='bbox 1046 215 1149 256; x_wconf 78' lang='lat' dir='ltr'>cm.</span> <span class='ocrx_word' id='word_1_7' title='bbox 1179 216 1367 258; x_wconf 74' lang='lat' dir='ltr'>mmss.</span> <span class='ocrx_word' id='word_1_8' title='bbox 1396 215 1559 257; x_wconf 78' lang='lat' dir='ltr'>MATR.</span> <span class='ocrx_word' id='word_1_9' title='bbox 1588 215 1706 255; x_wconf 71' lang='grc' dir='ltr'><strong>ΛΒΤ.</strong></span> <span class='ocrx_word' id='word_1_10' title='bbox 1730 215 1768 255; x_wconf 87' lang='lat'>1.</span> <span class='ocrx_word' id='word_1_11' title='bbox 1871 195 1987 252; x_wconf 74' lang='lat'>287</span> 
     </span>
    </p>
   </div>
   <div class='ocr_carea' id='block_1_2' title="bbox 132 311 2012 1935">
    <p class='ocr_par' dir='ltr' id='par_1_2' title="bbox 132 311 2009 1552">
     <span class='ocr_line' id='line_1_2' title="bbox 136 311 2003 398; baseline -0.005 -20"><span class='ocrx_word' id='word_1_12' title='bbox 136 321 323 379; x_wconf 71' lang='lat' dir='ltr'>bantur</span> <span class='ocrx_word' id='word_1_13' title='bbox 364 319 593 388; x_wconf 78' lang='lat' dir='ltr'>nubere;</span> <span class='ocrx_word' id='word_1_14' title='bbox 640 316 997 398; x_wconf 90' lang='lat' dir='ltr'>decipiuntur</span> <span class='ocrx_word' id='word_1_15' title='bbox 1040 313 1250 394; x_wconf 90' lang='lat' dir='ltr'>pariter</span> <span class='ocrx_word' id='word_1_16' title='bbox 1291 314 1425 372; x_wconf 91' lang='lat' dir='ltr'>dum</span> <span class='ocrx_word' id='word_1_17' title='bbox 1469 313 1608 373; x_wconf 89' lang='lat' dir='ltr'>illud</span> <span class='ocrx_word' id='word_1_18' title='bbox 1653 312 1899 372; x_wconf 83' lang='lat' dir='ltr'>referunt</span> <span class='ocrx_word' id='word_1_19' title='bbox 1931 311 2003 370; x_wconf 89' lang='lat' dir='ltr'>ad</span> 
     </span>
     <span class='ocr_line' id='line_1_3' title="bbox 132 410 2003 496; baseline -0.004 -22"><span class='ocrx_word' id='word_1_20' title='bbox 132 415 517 496; x_wconf 81' lang='lat' dir='ltr'>disciplinam,</span> <span class='ocrx_word' id='word_1_21' title='bbox 567 414 731 495; x_wconf 85' lang='lat' dir='ltr'>quasi</span> <span class='ocrx_word' id='word_1_22' title='bbox 770 432 968 492; x_wconf 89' lang='lat' dir='ltr'>nempe</span> <span class='ocrx_word' id='word_1_23' title='bbox 1000 410 1059 468; x_wconf 92' lang='lat' dir='ltr'>in</span> <span class='ocrx_word' id='word_1_24' title='bbox 1094 421 1365 490; x_wconf 82' lang='lat' dir='ltr'>potestate</span> <span class='ocrx_word' id='word_1_25' title='bbox 1396 411 1628 470; x_wconf 91' lang='lat' dir='ltr'>istorum</span> <span class='ocrx_word' id='word_1_26' title='bbox 1659 422 1810 469; x_wconf 90' lang='lat' dir='ltr'>esset</span> <span class='ocrx_word' id='word_1_27' title='bbox 1839 429 2003 489; x_wconf 83' lang='lat' dir='ltr'>prae·</span> 
     </span>
     <span class='ocr_line' id='line_1_4' title="bbox 136 505 2007 586; baseline -0.004 -15"><span class='ocrx_word' id='word_1_28' title='bbox 136 511 320 571; x_wconf 91' lang='lat' dir='ltr'>sulum</span> <span class='ocrx_word' id='word_1_29' title='bbox 365 511 653 571; x_wconf 89' lang='lat' dir='ltr'>veritatem</span> <span class='ocrx_word' id='word_1_30' title='bbox 691 531 725 568; x_wconf 89' lang='lat' dir='ltr'>a</span> <span class='ocrx_word' id='word_1_31' title='bbox 768 508 990 567; x_wconf 90' lang='lat' dir='ltr'>Christo</span> <span class='ocrx_word' id='word_1_32' title='bbox 1021 520 1073 566; x_wconf 89' lang='lat' dir='ltr'>et</span> <span class='ocrx_word' id='word_1_33' title='bbox 1107 505 1178 564; x_wconf 89' lang='lat' dir='ltr'>ab</span> <span class='ocrx_word' id='word_1_34' title='bbox 1208 505 1475 585; x_wconf 89' lang='lat' dir='ltr'>Apostolo</span> <span class='ocrx_word' id='word_1_35' title='bbox 1507 507 1764 566; x_wconf 81' lang='lat' dir='ltr'>traditam</span> <span class='ocrx_word' id='word_1_36' title='bbox 1797 519 2007 586; x_wconf 91' lang='lat' dir='ltr'>tempe-</span> 
     </span>
     <span class='ocr_line' id='line_1_5' title="bbox 135 603 2006 689; baseline -0.003 -23"><span class='ocrx_word' id='word_1_37' title='bbox 135 630 257 667; x_wconf 87' lang='lat' dir='ltr'>rare</span> <span class='ocrx_word' id='word_1_38' title='bbox 295 609 351 666; x_wconf 91' lang='lat' dir='ltr'>in</span> <span class='ocrx_word' id='word_1_39' title='bbox 401 608 557 689; x_wconf 85' lang='lat' dir='ltr'>praxi</span> <span class='ocrx_word' id='word_1_40' title='bbox 593 619 648 666; x_wconf 90' lang='lat' dir='ltr'>et</span> <span class='ocrx_word' id='word_1_41' title='bbox 692 606 932 665; x_wconf 86' lang='lat' dir='ltr'>abolere.</span> <span class='ocrx_word' id='word_1_42' title='bbox 975 603 1152 663; x_wconf 88' lang='lat' dir='ltr'>Absit.</span> <span class='ocrx_word' id='word_1_43' title='bbox 1203 604 1432 684; x_wconf 86' lang='lat' dir='ltr'>Itaque,</span> <span class='ocrx_word' id='word_1_44' title='bbox 1482 616 1543 661; x_wconf 90' lang='lat' dir='ltr'>ut</span> <span class='ocrx_word' id='word_1_45' title='bbox 1585 604 1862 673; x_wconf 81' lang='lat' dir='ltr'>diximuS,</span> <span class='ocrx_word' id='word_1_46' title='bbox 1920 623 2006 660; x_wconf 89' lang='lat' dir='ltr'>re-</span> 
     </span>
     <span class='ocr_line' id='line_1_6' title="bbox 134 698 2006 781; baseline -0.003 -19"><span class='ocrx_word' id='word_1_47' title='bbox 134 705 308 764; x_wconf 85' lang='lat' dir='ltr'>fertur</span> <span class='ocrx_word' id='word_1_48' title='bbox 350 705 513 763; x_wconf 90' lang='lat' dir='ltr'>unice</span> <span class='ocrx_word' id='word_1_49' title='bbox 563 703 633 762; x_wconf 86' lang='lat' dir='ltr'>ad</span> <span class='ocrx_word' id='word_1_50' title='bbox 677 702 904 761; x_wconf 91' lang='lat' dir='ltr'>modum</span> <span class='ocrx_word' id='word_1_51' title='bbox 948 702 1193 761; x_wconf 83' lang='lat' dir='ltr'>suaviter</span> <span class='ocrx_word' id='word_1_52' title='bbox 1230 699 1530 758; x_wconf 89' lang='lat' dir='ltr'>inducendi</span> <span class='ocrx_word' id='word_1_53' title='bbox 1575 700 1888 781; x_wconf 86' lang='lat' dir='ltr'>neophytos</span> <span class='ocrx_word' id='word_1_54' title='bbox 1934 698 2006 757; x_wconf 87' lang='lat' dir='ltr'>ad</span> 
     </span>
     <span class='ocr_line' id='line_1_7' title="bbox 134 792 2008 878; baseline -0.003 -20"><span class='ocrx_word' id='word_1_55' title='bbox 134 800 446 859; x_wconf 77' lang='lat' dir='ltr'>doctrinam</span> <span class='ocrx_word' id='word_1_56' title='bbox 480 797 857 876; x_wconf 87' lang='lat' dir='ltr'>evangelicam</span> <span class='ocrx_word' id='word_1_57' title='bbox 893 818 1059 878; x_wconf 89' lang='lat' dir='ltr'>opere</span> <span class='ocrx_word' id='word_1_58' title='bbox 1093 792 1513 876; x_wconf 72' lang='lat' dir='ltr'>exequendam,</span> <span class='ocrx_word' id='word_1_59' title='bbox 1569 794 1762 852; x_wconf 90' lang='lat' dir='ltr'>eadem</span> <span class='ocrx_word' id='word_1_60' title='bbox 1796 794 2008 853; x_wconf 89' lang='lat' dir='ltr'>ratione</span> 
     </span>
     <span class='ocr_line' id='line_1_8' title="bbox 138 890 2007 977; baseline -0.004 -22"><span class='ocrx_word' id='word_1_61' title='bbox 138 919 250 977; x_wconf 89' lang='lat' dir='ltr'>qua</span> <span class='ocrx_word' id='word_1_62' title='bbox 285 895 587 977; x_wconf 84' lang='lat' dir='ltr'>Apostolus</span> <span class='ocrx_word' id='word_1_63' title='bbox 620 894 690 953; x_wconf 87' lang='lat' dir='ltr'>ad</span> <span class='ocrx_word' id='word_1_64' title='bbox 728 894 909 953; x_wconf 84' lang='lat' dir='ltr'>Titum</span> <span class='ocrx_word' id='word_1_65' title='bbox 943 892 1248 953; x_wconf 86' lang='lat' dir='ltr'>scribebat:</span> <span class='ocrx_word' id='word_1_66' title='bbox 1292 891 1562 949; x_wconf 86' lang='lat' dir='ltr'>«Iuvenes</span> <span class='ocrx_word' id='word_1_67' title='bbox 1595 890 1853 949; x_wconf 86' lang='lat' dir='ltr'>similiter</span> <span class='ocrx_word' id='word_1_68' title='bbox 1891 891 2007 949; x_wconf 79' lang='lat' dir='ltr'>hor-</span> 
     </span>
     <span class='ocr_line' id='line_1_9' title="bbox 139 985 2007 1069; baseline -0.002 -21"><span class='ocrx_word' id='word_1_69' title='bbox 139 1003 283 1060; x_wconf 78' lang='lat' dir='ltr'>tare,</span> <span class='ocrx_word' id='word_1_70' title='bbox 314 1003 374 1050; x_wconf 94' lang='lat' dir='ltr'>ut</span> <span class='ocrx_word' id='word_1_71' title='bbox 405 989 556 1049; x_wconf 86' lang='lat' dir='ltr'>sobri</span> <span class='ocrx_word' id='word_1_72' title='bbox 602 990 715 1048; x_wconf 91' lang='lat' dir='ltr'>sint</span> <span class='ocrx_word' id='word_1_73' title='bbox 749 991 895 1068; x_wconf 84' lang='lat'><strong>(90).</strong></span> <span class='ocrx_word' id='word_1_74' title='bbox 930 1013 958 1045; x_wconf 87' lang='grc'>»</span> <span class='ocrx_word' id='word_1_75' title='bbox 994 989 1201 1069; x_wconf 87' lang='lat' dir='ltr'>Ecquis</span> <span class='ocrx_word' id='word_1_76' title='bbox 1247 1008 1410 1068; x_wconf 89' lang='lat' dir='ltr'>porro</span> <span class='ocrx_word' id='word_1_77' title='bbox 1459 985 1607 1044; x_wconf 91' lang='lat' dir='ltr'>dicet</span> <span class='ocrx_word' id='word_1_78' title='bbox 1651 986 2007 1045; x_wconf 87' lang='lat' dir='ltr'>sobrietatem</span> 
     </span>
     <span class='ocr_line' id='line_1_10' title="bbox 137 1083 2009 1165; baseline -0.003 -20"><span class='ocrx_word' id='word_1_79' title='bbox 137 1109 253 1146; x_wconf 90' lang='lat' dir='ltr'>rem</span> <span class='ocrx_word' id='word_1_80' title='bbox 284 1108 412 1146; x_wconf 90' lang='lat' dir='ltr'>esse</span> <span class='ocrx_word' id='word_1_81' title='bbox 442 1086 677 1145; x_wconf 89' lang='lat' dir='ltr'>liberam</span> <span class='ocrx_word' id='word_1_82' title='bbox 708 1086 764 1144; x_wconf 90' lang='lat' dir='ltr'>in</span> <span class='ocrx_word' id='word_1_83' title='bbox 796 1083 1136 1146; x_wconf 73' lang='lat' dir='ltr'>iuvenibus?</span> <span class='ocrx_word' id='word_1_84' title='bbox 1160 1084 1228 1143; x_wconf 91' lang='lat' dir='ltr'>Ut</span> <span class='ocrx_word' id='word_1_85' title='bbox 1258 1083 1409 1165; x_wconf 89' lang='lat' dir='ltr'>quod</span> <span class='ocrx_word' id='word_1_86' title='bbox 1441 1083 1784 1142; x_wconf 89' lang='lat' dir='ltr'>contendunt</span> <span class='ocrx_word' id='word_1_87' title='bbox 1814 1083 2009 1142; x_wconf 90' lang='lat' dir='ltr'>adver-</span> 
     </span>
     <span class='ocr_line' id='line_1_11' title="bbox 137 1178 2007 1261; baseline -0.003 -18"><span class='ocrx_word' id='word_1_88' title='bbox 137 1184 272 1243; x_wconf 90' lang='lat' dir='ltr'>sarii</span> <span class='ocrx_word' id='word_1_89' title='bbox 303 1184 644 1254; x_wconf 85' lang='lat' dir='ltr'>evincerent,</span> <span class='ocrx_word' id='word_1_90' title='bbox 682 1182 975 1242; x_wconf 89' lang='lat' dir='ltr'>ostendere</span> <span class='ocrx_word' id='word_1_91' title='bbox 1004 1181 1303 1252; x_wconf 87' lang='lat' dir='ltr'>deberent,</span> <span class='ocrx_word' id='word_1_92' title='bbox 1347 1179 1498 1261; x_wconf 90' lang='lat' dir='ltr'>quod</span> <span class='ocrx_word' id='word_1_93' title='bbox 1543 1179 1590 1238; x_wconf 92' lang='lat' dir='ltr'>si</span> <span class='ocrx_word' id='word_1_94' title='bbox 1624 1178 2007 1238; x_wconf 90' lang='lat' dir='ltr'>adolescentes</span> 
     </span>
     <span class='ocr_line' id='line_1_12' title="bbox 136 1275 2009 1356; baseline -0.002 -18"><span class='ocrx_word' id='word_1_95' title='bbox 136 1279 216 1338; x_wconf 92' lang='lat' dir='ltr'>illi</span> <span class='ocrx_word' id='word_1_96' title='bbox 249 1279 485 1339; x_wconf 92' lang='lat' dir='ltr'>consilio</span> <span class='ocrx_word' id='word_1_97' title='bbox 528 1301 630 1338; x_wconf 91' lang='lat' dir='ltr'>seu</span> <span class='ocrx_word' id='word_1_98' title='bbox 673 1278 1047 1338; x_wconf 84' lang='lat' dir='ltr'>adhortationi</span> <span class='ocrx_word' id='word_1_99' title='bbox 1089 1276 1196 1336; x_wconf 90' lang='lat' dir='ltr'>sibi</span> <span class='ocrx_word' id='word_1_100' title='bbox 1235 1277 1399 1336; x_wconf 88' lang='lat' dir='ltr'>datae</span> <span class='ocrx_word' id='word_1_101' title='bbox 1440 1298 1551 1336; x_wconf 92' lang='lat' dir='ltr'>non</span> <span class='ocrx_word' id='word_1_102' title='bbox 1590 1275 1939 1356; x_wconf 88' lang='lat' dir='ltr'>paruissent,</span> <span class='ocrx_word' id='word_1_103' title='bbox 1976 1297 2009 1334; x_wconf 85' lang='lat' dir='ltr'>a</span> 
     </span>
     <span class='ocr_line' id='line_1_13' title="bbox 138 1370 2007 1457; baseline -0.003 -22"><span class='ocrx_word' id='word_1_104' title='bbox 138 1376 332 1457; x_wconf 90' lang='lat' dir='ltr'>poenis</span> <span class='ocrx_word' id='word_1_105' title='bbox 378 1376 436 1433; x_wconf 88' lang='lat' dir='ltr'>in</span> <span class='ocrx_word' id='word_1_106' title='bbox 480 1375 734 1455; x_wconf 87' lang='lat' dir='ltr'>bigamos</span> <span class='ocrx_word' id='word_1_107' title='bbox 778 1375 905 1435; x_wconf 87' lang='lat' dir='ltr'>latis</span> <span class='ocrx_word' id='word_1_108' title='bbox 949 1373 1188 1434; x_wconf 86' lang='lat' dir='ltr'>fuissent</span> <span class='ocrx_word' id='word_1_109' title='bbox 1230 1374 1544 1444; x_wconf 80' lang='lat' dir='ltr'>immuneS,</span> <span class='ocrx_word' id='word_1_110' title='bbox 1579 1371 1731 1454; x_wconf 88' lang='lat' dir='ltr'>quod</span> <span class='ocrx_word' id='word_1_111' title='bbox 1776 1370 2007 1453; x_wconf 90' lang='lat' dir='ltr'>quidem</span> 
     </span>
     <span class='ocr_line' id='line_1_14' title="bbox 139 1471 750 1552; baseline 0 -24"><span class='ocrx_word' id='word_1_112' title='bbox 139 1492 444 1552; x_wconf 88' lang='lat' dir='ltr'>numquam</span> <span class='ocrx_word' id='word_1_113' title='bbox 489 1471 750 1530; x_wconf 86' lang='lat' dir='ltr'>efficient.</span> 
     </span>
    </p>

    <p class='ocr_par' dir='ltr' id='par_1_3' title="bbox 139 1564 2012 1935">
     <span class='ocr_line' id='line_1_15' title="bbox 280 1564 2009 1644; baseline -0.003 -18"><span class='ocrx_word' id='word_1_114' title='bbox 280 1566 437 1637; x_wconf 85' lang='lat' dir='ltr'>Quae</span> <span class='ocrx_word' id='word_1_115' title='bbox 481 1566 815 1626; x_wconf 87' lang='lat' dir='ltr'>subtexuere</span> <span class='ocrx_word' id='word_1_116' title='bbox 862 1579 1115 1627; x_wconf 88' lang='lat' dir='ltr'>auctores</span> <span class='ocrx_word' id='word_1_117' title='bbox 1160 1568 1292 1638; x_wconf 89' lang='lat' dir='ltr'>isti,</span> <span class='ocrx_word' id='word_1_118' title='bbox 1341 1565 1419 1624; x_wconf 91' lang='lat' dir='ltr'>nil</span> <span class='ocrx_word' id='word_1_119' title='bbox 1466 1564 1620 1624; x_wconf 90' lang='lat' dir='ltr'>aliud</span> <span class='ocrx_word' id='word_1_120' title='bbox 1665 1576 1797 1623; x_wconf 90' lang='lat' dir='ltr'>sunt</span> <span class='ocrx_word' id='word_1_121' title='bbox 1838 1584 2009 1644; x_wconf 88' lang='lat' dir='ltr'>quam</span> 
     </span>
     <span class='ocr_line' id='line_1_16' title="bbox 140 1659 2011 1746; baseline -0.002 -27"><span class='ocrx_word' id='word_1_122' title='bbox 140 1662 416 1741; x_wconf 80' lang='lat' dir='ltr'>gratuitae</span> <span class='ocrx_word' id='word_1_123' title='bbox 439 1662 780 1722; x_wconf 88' lang='lat' dir='ltr'>assertiones</span> <span class='ocrx_word' id='word_1_124' title='bbox 816 1683 882 1721; x_wconf 88' lang='lat' dir='ltr'>ex</span> <span class='ocrx_word' id='word_1_125' title='bbox 912 1662 1233 1746; x_wconf 87' lang='lat' dir='ltr'>anticipatis</span> <span class='ocrx_word' id='word_1_126' title='bbox 1265 1683 1455 1721; x_wconf 89' lang='lat' dir='ltr'>eorum</span> <span class='ocrx_word' id='word_1_127' title='bbox 1486 1659 1714 1719; x_wconf 91' lang='lat' dir='ltr'>iudiciis</span> <span class='ocrx_word' id='word_1_128' title='bbox 1738 1659 2011 1718; x_wconf 88' lang='lat' dir='ltr'>deductae</span> 
     </span>
     <span class='ocr_line' id='line_1_17' title="bbox 139 1754 2012 1840; baseline -0.001 -24"><span class='ocrx_word' id='word_1_129' title='bbox 139 1758 263 1817; x_wconf 90' lang='lat' dir='ltr'>sine</span> <span class='ocrx_word' id='word_1_130' title='bbox 306 1757 420 1818; x_wconf 93' lang='lat' dir='ltr'>ullo</span> <span class='ocrx_word' id='word_1_131' title='bbox 458 1779 687 1839; x_wconf 89' lang='lat' dir='ltr'>prorsus</span> <span class='ocrx_word' id='word_1_132' title='bbox 731 1758 1124 1830; x_wconf 88' lang='lat' dir='ltr'>suudamento;</span> <span class='ocrx_word' id='word_1_133' title='bbox 1163 1757 1451 1840; x_wconf 84' lang='lat' dir='ltr'>siquidem</span> <span class='ocrx_word' id='word_1_134' title='bbox 1489 1755 1697 1816; x_wconf 90' lang='lat' dir='ltr'>nullam</span> <span class='ocrx_word' id='word_1_135' title='bbox 1737 1754 2012 1837; x_wconf 85' lang='lat' dir='ltr'>probatio-</span> 
     </span>
     <span class='ocr_line' id='line_1_18' title="bbox 139 1852 1538 1935; baseline -0.002 -23"><span class='ocrx_word' id='word_1_136' title='bbox 139 1874 265 1914; x_wconf 91' lang='lat' dir='ltr'>nem</span> <span class='ocrx_word' id='word_1_137' title='bbox 308 1853 632 1914; x_wconf 88' lang='lat' dir='ltr'>attulerunt.</span> <span class='ocrx_word' id='word_1_138' title='bbox 681 1853 946 1935; x_wconf 90' lang='lat' dir='ltr'>Adeoque</span> <span class='ocrx_word' id='word_1_139' title='bbox 990 1854 1271 1915; x_wconf 90' lang='lat' dir='ltr'>contemni</span> <span class='ocrx_word' id='word_1_140' title='bbox 1315 1852 1538 1913; x_wconf 88' lang='lat' dir='ltr'>debent.</span> 
     </span>
    </p>
   </div>
   <div class='ocr_carea' id='block_1_3' title="bbox 961 2034 1167 2114">
    <p class='ocr_par' dir='ltr' id='par_1_4' title="bbox 961 2034 1167 2114">
     <span class='ocr_line' id='line_1_19' title="bbox 961 2034 1167 2114; baseline 0.005 -23"><span class='ocrx_word' id='word_1_141' title='bbox 961 2034 1021 2114; x_wconf 74' lang='lat'>§—</span> <span class='ocrx_word' id='word_1_142' title='bbox 1071 2034 1167 2092; x_wconf 78' lang='lat' dir='ltr'>xl.</span> 
     </span>
    </p>
   </div>
   <div class='ocr_carea' id='block_1_4' title="bbox 910 2179 1227 2220">
    <p class='ocr_par' dir='ltr' id='par_1_5' title="bbox 910 2179 1227 2220">
     <span class='ocr_line' id='line_1_20' title="bbox 910 2179 1227 2220; baseline -0.003 0"><span class='ocrx_word' id='word_1_143' title='bbox 910 2182 969 2220; x_wconf 92' lang='lat' dir='ltr'>De</span> <span class='ocrx_word' id='word_1_144' title='bbox 998 2191 1033 2220; x_wconf 83' lang='lat' dir='ltr'>s.</span> <span class='ocrx_word' id='word_1_145' title='bbox 1064 2179 1227 2220; x_wconf 84' lang='lat' dir='ltr'>Basilio.</span> 
     </span>
    </p>
   </div>
   <div class='ocr_carea' id='block_1_5' title="bbox 141 2327 2015 3370">
    <p class='ocr_par' dir='ltr' id='par_1_6' title="bbox 141 2327 2014 3080">
     <span class='ocr_line' id='line_1_21' title="bbox 262 2327 2011 2412; baseline -0.002 -24"><span class='ocrx_word' id='word_1_146' title='bbox 262 2330 342 2390; x_wconf 90' lang='lat' dir='ltr'>Eo</span> <span class='ocrx_word' id='word_1_147' title='bbox 366 2330 563 2390; x_wconf 90' lang='lat' dir='ltr'>maiori</span> <span class='ocrx_word' id='word_1_148' title='bbox 588 2329 880 2409; x_wconf 75' lang='lat' dir='ltr'>diligentia</span> <span class='ocrx_word' id='word_1_149' title='bbox 909 2329 1278 2412; x_wconf 87' lang='lat' dir='ltr'>expendenda</span> <span class='ocrx_word' id='word_1_150' title='bbox 1307 2350 1339 2387; x_wconf 89' lang='lat' dir='ltr'>a</span> <span class='ocrx_word' id='word_1_151' title='bbox 1371 2327 1534 2388; x_wconf 91' lang='lat' dir='ltr'>nobis</span> <span class='ocrx_word' id='word_1_152' title='bbox 1575 2341 1706 2387; x_wconf 91' lang='lat' dir='ltr'>sunt</span> <span class='ocrx_word' id='word_1_153' title='bbox 1727 2348 1874 2408; x_wconf 87' lang='lat' dir='ltr'>quae</span> <span class='ocrx_word' id='word_1_154' title='bbox 1905 2327 2011 2387; x_wconf 89' lang='lat' dir='ltr'>hoc</span> 
     </span>
     <span class='ocr_line' id='line_1_22' title="bbox 141 2421 2010 2506; baseline -0.001 -24"><span class='ocrx_word' id='word_1_155' title='bbox 141 2425 211 2483; x_wconf 89' lang='lat' dir='ltr'>de</span> <span class='ocrx_word' id='word_1_156' title='bbox 251 2438 579 2504; x_wconf 86' lang='lat' dir='ltr'>argumento</span> <span class='ocrx_word' id='word_1_157' title='bbox 617 2425 845 2506; x_wconf 86' lang='lat' dir='ltr'>scripsit</span> <span class='ocrx_word' id='word_1_158' title='bbox 888 2447 937 2484; x_wconf 86' lang='lat' dir='ltr'>S.</span> <span class='ocrx_word' id='word_1_159' title='bbox 979 2423 1223 2483; x_wconf 89' lang='lat' dir='ltr'>Basilius</span> <span class='ocrx_word' id='word_1_160' title='bbox 1248 2471 1260 2494; x_wconf 96' lang='lat'>,</span> <span class='ocrx_word' id='word_1_161' title='bbox 1296 2444 1407 2504; x_wconf 91' lang='lat' dir='ltr'>quo</span> <span class='ocrx_word' id='word_1_162' title='bbox 1444 2435 1498 2482; x_wconf 92' lang='lat' dir='ltr'>et</span> <span class='ocrx_word' id='word_1_163' title='bbox 1540 2422 1717 2482; x_wconf 92' lang='lat' dir='ltr'>maior</span> <span class='ocrx_word' id='word_1_164' title='bbox 1759 2434 1846 2482; x_wconf 88' lang='lat' dir='ltr'>est</span> <span class='ocrx_word' id='word_1_165' title='bbox 1887 2421 2010 2481; x_wconf 89' lang='lat' dir='ltr'>eius</span> 
     </span>
     <span class='ocr_line' id='line_1_23' title="bbox 144 2518 2006 2601; baseline -0.002 -23"><span class='ocrx_word' id='word_1_166' title='bbox 144 2521 292 2601; x_wconf 86' lang='lat' dir='ltr'>apud</span> <span class='ocrx_word' id='word_1_167' title='bbox 322 2542 551 2600; x_wconf 92' lang='lat' dir='ltr'>graecos</span> <span class='ocrx_word' id='word_1_168' title='bbox 583 2521 882 2581; x_wconf 87' lang='lat' dir='ltr'>auctoritas</span> <span class='ocrx_word' id='word_1_169' title='bbox 908 2569 919 2591; x_wconf 95' lang='lat'>,</span> <span class='ocrx_word' id='word_1_170' title='bbox 957 2533 1011 2579; x_wconf 91' lang='lat' dir='ltr'>et</span> <span class='ocrx_word' id='word_1_171' title='bbox 1039 2518 1325 2579; x_wconf 88' lang='lat' dir='ltr'>difficilior</span> <span class='ocrx_word' id='word_1_172' title='bbox 1356 2518 1726 2600; x_wconf 90' lang='lat' dir='ltr'>quorumdam</span> <span class='ocrx_word' id='word_1_173' title='bbox 1757 2518 2006 2577; x_wconf 91' lang='lat' dir='ltr'>locorum</span> 
     </span>
     <span class='ocr_line' id='line_1_24' title="bbox 144 2613 2014 2697; baseline 0.001 -24"><span class='ocrx_word' id='word_1_174' title='bbox 144 2617 523 2697; x_wconf 89' lang='lat' dir='ltr'>interpretatio</span> <span class='ocrx_word' id='word_1_175' title='bbox 551 2665 563 2689; x_wconf 91' lang='lat'>,</span> <span class='ocrx_word' id='word_1_176' title='bbox 624 2618 762 2677; x_wconf 88' lang='lat' dir='ltr'>adeo</span> <span class='ocrx_word' id='word_1_177' title='bbox 806 2631 867 2677; x_wconf 89' lang='lat' dir='ltr'>ut</span> <span class='ocrx_word' id='word_1_178' title='bbox 908 2615 1178 2676; x_wconf 90' lang='lat' dir='ltr'>Basilium</span> <span class='ocrx_word' id='word_1_179' title='bbox 1230 2636 1331 2697; x_wconf 90' lang='lat' dir='ltr'>pro</span> <span class='ocrx_word' id='word_1_180' title='bbox 1381 2636 1443 2675; x_wconf 90' lang='lat' dir='ltr'>se</span> <span class='ocrx_word' id='word_1_181' title='bbox 1486 2628 1635 2674; x_wconf 91' lang='lat' dir='ltr'>stare</span> <span class='ocrx_word' id='word_1_182' title='bbox 1676 2613 2014 2674; x_wconf 89' lang='lat' dir='ltr'>contendant</span> 
     </span>
     <span class='ocr_line' id='line_1_25' title="bbox 145 2710 2006 2792; baseline 0 -23"><span class='ocrx_word' id='word_1_183' title='bbox 145 2724 260 2770; x_wconf 91' lang='lat' dir='ltr'>tum</span> <span class='ocrx_word' id='word_1_184' title='bbox 292 2712 389 2792; x_wconf 91' lang='lat' dir='ltr'>qui</span> <span class='ocrx_word' id='word_1_185' title='bbox 423 2734 521 2792; x_wconf 89' lang='lat' dir='ltr'>pro</span> <span class='ocrx_word' id='word_1_186' title='bbox 553 2712 831 2771; x_wconf 90' lang='lat' dir='ltr'>solutione</span> <span class='ocrx_word' id='word_1_187' title='bbox 861 2711 1108 2791; x_wconf 90' lang='lat' dir='ltr'>coniugii</span> <span class='ocrx_word' id='word_1_188' title='bbox 1139 2711 1197 2769; x_wconf 90' lang='lat' dir='ltr'>in</span> <span class='ocrx_word' id='word_1_189' title='bbox 1228 2732 1399 2770; x_wconf 88' lang='lat' dir='ltr'>causa</span> <span class='ocrx_word' id='word_1_190' title='bbox 1428 2710 1690 2770; x_wconf 87' lang='lat' dir='ltr'>adulterii</span> <span class='ocrx_word' id='word_1_191' title='bbox 1721 2723 2006 2791; x_wconf 80' lang='lat' dir='ltr'>pugnant,</span> 
     </span>
     <span class='ocr_line' id='line_1_26' title="bbox 144 2804 2011 2889; baseline -0.002 -23"><span class='ocrx_word' id='word_1_192' title='bbox 144 2821 259 2866; x_wconf 90' lang='lat' dir='ltr'>tum</span> <span class='ocrx_word' id='word_1_193' title='bbox 291 2807 387 2889; x_wconf 90' lang='lat' dir='ltr'>qui</span> <span class='ocrx_word' id='word_1_194' title='bbox 433 2829 532 2888; x_wconf 89' lang='lat' dir='ltr'>pro</span> <span class='ocrx_word' id='word_1_195' title='bbox 570 2806 890 2867; x_wconf 91' lang='lat' dir='ltr'>omnimoda</span> <span class='ocrx_word' id='word_1_196' title='bbox 925 2806 1421 2866; x_wconf 85' lang='lat' dir='ltr'>indissolubilitate</span> <span class='ocrx_word' id='word_1_197' title='bbox 1451 2805 1764 2885; x_wconf 90' lang='lat' dir='ltr'>coniugalis</span> <span class='ocrx_word' id='word_1_198' title='bbox 1799 2804 2011 2865; x_wconf 84' lang='lat' dir='ltr'>vinculi</span> 
     </span>
     <span class='ocr_line' id='line_1_27' title="bbox 143 2902 2014 2983; baseline 0 -22"><span class='ocrx_word' id='word_1_199' title='bbox 143 2903 446 2963; x_wconf 88' lang='lat' dir='ltr'>decertant.</span> <span class='ocrx_word' id='word_1_200' title='bbox 498 2904 659 2962; x_wconf 90' lang='lat' dir='ltr'>Prius</span> <span class='ocrx_word' id='word_1_201' title='bbox 704 2903 873 2982; x_wconf 87' lang='lat' dir='ltr'>igitur</span> <span class='ocrx_word' id='word_1_202' title='bbox 911 2902 1293 2963; x_wconf 87' lang='lat' dir='ltr'>describemus</span> <span class='ocrx_word' id='word_1_203' title='bbox 1337 2903 1458 2963; x_wconf 89' lang='lat' dir='ltr'>eius</span> <span class='ocrx_word' id='word_1_204' title='bbox 1501 2902 1673 2963; x_wconf 89' lang='lat' dir='ltr'>verba</span> <span class='ocrx_word' id='word_1_205' title='bbox 1716 2914 1880 2983; x_wconf 90' lang='lat' dir='ltr'>prout</span> <span class='ocrx_word' id='word_1_206' title='bbox 1932 2902 2014 2961; x_wconf 83' lang='lat' dir='ltr'>ia-</span> 
     </span>
     <span class='ocr_line' id='line_1_28' title="bbox 143 2997 2006 3080; baseline -0.001 -23"><span class='ocrx_word' id='word_1_207' title='bbox 143 3011 300 3069; x_wconf 90' lang='lat' dir='ltr'>cent,</span> <span class='ocrx_word' id='word_1_208' title='bbox 336 2999 542 3058; x_wconf 90' lang='lat' dir='ltr'>deinde</span> <span class='ocrx_word' id='word_1_209' title='bbox 569 3020 699 3058; x_wconf 90' lang='lat' dir='ltr'>vero</span> <span class='ocrx_word' id='word_1_210' title='bbox 730 2998 787 3056; x_wconf 91' lang='lat' dir='ltr'>in</span> <span class='ocrx_word' id='word_1_211' title='bbox 818 3020 1006 3058; x_wconf 89' lang='lat' dir='ltr'>eorum</span> <span class='ocrx_word' id='word_1_212' title='bbox 1053 3020 1281 3058; x_wconf 90' lang='lat' dir='ltr'>sensum</span> <span class='ocrx_word' id='word_1_213' title='bbox 1314 2998 1593 3080; x_wconf 80' lang='lat' dir='ltr'>analytice</span> <span class='ocrx_word' id='word_1_214' title='bbox 1631 2997 2006 3079; x_wconf 79' lang='lat' dir='ltr'>inquiremus,</span> 
     </span>
    </p>

    <p class='ocr_par' dir='ltr' id='par_1_7' title="bbox 146 3092 2015 3370">
     <span class='ocr_line' id='line_1_29' title="bbox 265 3092 2014 3177; baseline -0.001 -25"><span class='ocrx_word' id='word_1_215' title='bbox 265 3094 484 3154; x_wconf 90' lang='lat' dir='ltr'>Primus</span> <span class='ocrx_word' id='word_1_216' title='bbox 528 3095 684 3154; x_wconf 92' lang='lat' dir='ltr'>locus</span> <span class='ocrx_word' id='word_1_217' title='bbox 728 3094 932 3174; x_wconf 88' lang='lat' dir='ltr'>legitur</span> <span class='ocrx_word' id='word_1_218' title='bbox 975 3095 1033 3153; x_wconf 92' lang='lat' dir='ltr'>in</span> <span class='ocrx_word' id='word_1_219' title='bbox 1079 3094 1316 3177; x_wconf 89' lang='lat' dir='ltr'>epistola</span> <span class='ocrx_word' id='word_1_220' title='bbox 1354 3096 1397 3153; x_wconf 91' lang='grc' dir='ltr'>Ι.</span> <span class='ocrx_word' id='word_1_221' title='bbox 1457 3094 1728 3154; x_wconf 89' lang='lat' dir='ltr'>canonica</span> <span class='ocrx_word' id='word_1_222' title='bbox 1770 3093 1841 3153; x_wconf 88' lang='lat' dir='ltr'>ad</span> <span class='ocrx_word' id='word_1_223' title='bbox 1883 3092 2014 3151; x_wconf 91' lang='lat' dir='ltr'>Am-</span> 
     </span>
     <span class='ocr_line' id='line_1_30' title="bbox 146 3189 2015 3273; baseline -0.001 -27"><span class='ocrx_word' id='word_1_224' title='bbox 146 3189 493 3268; x_wconf 86' lang='lat' dir='ltr'>philochium</span> <span class='ocrx_word' id='word_1_225' title='bbox 534 3192 688 3269; x_wconf 82' lang='lat'>(91),</span> <span class='ocrx_word' id='word_1_226' title='bbox 725 3211 848 3251; x_wconf 89' lang='lat' dir='ltr'>can.</span> <span class='ocrx_word' id='word_1_227' title='bbox 880 3192 973 3250; x_wconf 88' lang='lat' dir='ltr'>IX.</span> <span class='ocrx_word' id='word_1_228' title='bbox 1017 3191 1258 3273; x_wconf 89' lang='lat' dir='ltr'>«Aeque</span> <span class='ocrx_word' id='word_1_229' title='bbox 1280 3190 1419 3250; x_wconf 91' lang='lat' dir='ltr'>viris</span> <span class='ocrx_word' id='word_1_230' title='bbox 1443 3204 1496 3250; x_wconf 94' lang='lat' dir='ltr'>et</span> <span class='ocrx_word' id='word_1_231' title='bbox 1518 3189 1850 3249; x_wconf 88' lang='lat' dir='ltr'>mulieribus</span> <span class='ocrx_word' id='word_1_232' title='bbox 1882 3208 2015 3246; x_wconf 90' lang='lat' dir='ltr'>con-</span> 
     </span>
     <span class='ocr_line' id='line_1_31' title="bbox 146 3282 2015 3370; baseline -0.002 -27"><span class='ocrx_word' id='word_1_233' title='bbox 146 3284 296 3344; x_wconf 91' lang='lat' dir='ltr'>venit</span> <span class='ocrx_word' id='word_1_234' title='bbox 325 3286 633 3346; x_wconf 90' lang='lat' dir='ltr'>secundum</span> <span class='ocrx_word' id='word_1_235' title='bbox 667 3287 976 3348; x_wconf 88' lang='lat' dir='ltr'>sententiae</span> <span class='ocrx_word' id='word_1_236' title='bbox 998 3288 1496 3370; x_wconf 86' lang='lat' dir='ltr'>consequutionem</span> <span class='ocrx_word' id='word_1_237' title='bbox 1528 3286 1679 3367; x_wconf 90' lang='lat' dir='ltr'>quod</span> <span class='ocrx_word' id='word_1_238' title='bbox 1713 3308 1745 3345; x_wconf 89' lang='lat' dir='ltr'>a</span> <span class='ocrx_word' id='word_1_239' title='bbox 1774 3282 2015 3344; x_wconf 86' lang='lat' dir='ltr'>Domino</span> 
     </span>
    </p>
   </div>
   <div class='ocr_carea' id='block_1_6' title="bbox 269 3441 1278 3557">
    <p class='ocr_par' dir='ltr' id='par_1_8' title="bbox 269 3441 1278 3557">
     <span class='ocr_line' id='line_1_32' title="bbox 269 3441 627 3494; baseline 0.011 -13"><span class='ocrx_word' id='word_1_240' title='bbox 269 3441 350 3490; x_wconf 85' lang='lat'>(90)</span> <span class='ocrx_word' id='word_1_241' title='bbox 375 3444 474 3494; x_wconf 85' lang='lat' dir='ltr'>cap.</span> <span class='ocrx_word' id='word_1_242' title='bbox 504 3446 557 3484; x_wconf 83' lang='lat'>11.</span> <span class='ocrx_word' id='word_1_243' title='bbox 589 3450 627 3485; x_wconf 87' lang='lat'>6.</span> 
     </span>
     <span class='ocr_line' id='line_1_33' title="bbox 275 3506 1278 3557; baseline 0.004 -10"><span class='ocrx_word' id='word_1_244' title='bbox 275 3506 356 3557; x_wconf 83' lang='lat'>(91)</span> <span class='ocrx_word' id='word_1_245' title='bbox 384 3510 497 3554; x_wconf 84' lang='lat' dir='ltr'>Quae</span> <span class='ocrx_word' id='word_1_246' title='bbox 527 3510 568 3550; x_wconf 88' lang='lat' dir='ltr'>in</span> <span class='ocrx_word' id='word_1_247' title='bbox 604 3511 702 3552; x_wconf 83' lang='lat' dir='ltr'>edit.</span> <span class='ocrx_word' id='word_1_248' title='bbox 733 3514 862 3553; x_wconf 86' lang='lat' dir='ltr'>Maur.</span> <span class='ocrx_word' id='word_1_249' title='bbox 891 3513 964 3552; x_wconf 82' lang='lat' dir='ltr'>est.</span> <span class='ocrx_word' id='word_1_250' title='bbox 988 3513 1278 3553; x_wconf 83' lang='lat' dir='ltr'>CLXXXVIII.</span> 
     </span>
    </p>
   </div>
  </div>
 </body>
</html>
