2320 4030
367 242 446 300 74
674 260 777 300 LIB.
807 257 886 299 111.
918 256 1063 297 SECT.
1093 256 1132 297 1.
1162 257 1228 298 DE
1260 257 1419 298 MATR.
1449 257 1654 299 cnms'r.
1684 258 1924 302 UNITATE.

366 361 511 421 facto
553 380 678 419 cum
716 357 894 438 ‘priori
925 378 1126 431 uxore,
1164 354 1218 418 et
1246 358 1475 441 quidem
1506 356 1785 440 legitimo,
1819 374 1880 420 ut
1912 362 2035 444 ipse
2062 358 2228 424 autu--

364 455 586 526 mahat,
616 452 851 512 'alteram
897 451 1165 525 duxerat,
1202 468 1366 536 prout
1395 455 1609 538 passim
1640 456 1704 515 fit
1733 453 1883 538 apud
1915 472 2230 540 protestan-

364 566 480 623 teS,
517 564 572 610 et
602 570 774 630 penes
807 549 1079 630 gubernia
1110 551 1252 611 illa
1238 575 1295 610 1n
1327 552 1534 634 quibus
1580 552 1834 613 obtinent
1875 556 2232 617 matrimonia

365 670 515 708 mere
546 646 736 707 civilia
766 670 871 729 per
895 647 1074 729 legem
1108 650 1355 710 sancita:
1392 673 1573 733 neque
1604 645 1789 711 tamen
1822 646 2069 733 Pontifex
2099 674 2233 735 pas-

362 767 461 805 sus
507 758 593 804 est
633 744 995 806 Waldradam
1038 769 1265 807 uxorem
1308 748 1519 807 vocari.

486 842 671 912 Quum
713 864 844 903 vero
888 843 1000 903 duo
1045 844 1183 904 haec
1213 844 1358 904 sacta
1387 845 1476 905 vel
1509 840 1628 906 sola
1659 846 1771 906 sint
1800 846 1888 907 vel
1919 840 2228 929 praecipua

361 938 597 1011 saltem,
656 961 803 1022 quae
847 939 905 998 in
950 942 1195 1002 favorem
1250 932 1606 1033 polygamiae
1660 944 2029 1004 simultaneae
2086 945 2231 1005 inter

360 1032 699 1096 christianos
738 1037 927 1096 afferri
957 1038 1374 1111 consueverint,
1412 1038 1524 1098 a-lia
1554 1039 1787 1100 minoris
1819 1042 2083 1101 momenti
2117 1032 2229 1102 non

361 1153 706 1239 persequar,
756 1156 905 1216 quae
948 1148 1044 1194 aut
1087 1136 1155 1195 ad
1201 1157 1316 1195 rem
1361 1158 1473 1195 non
1529 1135 1771 1209 faciunt,
1828 1150 1938 1197 aut
1975 1137 2232 1198 fabulosa

361 1229 590 1289 omnino
621 1242 753 1289 sunt
794 1233 982 1311 (188),
1013 1253 1116 1292 nec
1153 1232 1357 1292 seriam
1397 1231 1854 1314 disquisitionem
1897 1246 2225 1315 exposcunt.

362 1326 548 1386 Liceat
589 1322 720 1407 ergo
765 1329 1100 1389 concludere
1142 1330 1410 1389 unitatem
1441 1329 1519 1388 ita
1548 1343 1675 1389 ess'e
1705 1330 1996 1390 christiani
2041 1330 2233 1390 matri-

360 1416 534 1484 monii
557 1425 953 1507 proprietatem
976 1439 1039 1486 ut
1063 1425 1402 1508 polygamia
1415 1418 1756 1487 simultanea
1786 1449 2017 1510 prorsus
2046 1427 2233 1488 exclu-

363 1518 546 1579 datur.
1005 1515 1008 1518 ⁴
1963 1513 1966 1517 ⁴
2101 1513 2105 1516 ’

1090 1653 1365 1701 CAPUT
1401 1655 1493 1700 11.

908 1799 973 1838 DE
1018 1798 1314 1840 POLYGAMIA
1357 1799 1685 1841 SUCCESSIVA.

1083 1932 1434 1979 ARTICULUS
1466 1934 1510 1996 Ι.Δ
1578 1946 1583 1951 ·

621 2061 864 2110 Ecclesiae
900 2061 1123 2110 doctrina
1150 2075 1205 2109 ac
1231 2061 1486 2123 disciplina
1510 2065 1637 2111 circa
1662 2062 1927 2127 bigamiam
1950 2102 1965 2128 ,

678 2157 761 2193 seu
779 2144 1012 2193 secundas
1036 2145 1250 2207 nuptiaS,
1277 2146 1534 2206 exponitur
1554 2151 1601 2193 et
1626 2147 1919 2196 vindicatur.

488 2283 551 2340 ln
597 2281 703 2342 hoc
746 2294 1071 2362 argumento
1102 2302 1307 2363 operae
1337 2281 1580 2362 pretium
1611 2294 1697 2340 est
1727 2281 1924 2343 sedulo
1961 2279 2236 2345 ecclesiae

364 2378 678 2438 doctrinam
708 2400 741 2438 a
771 2378 1076 2460 disciplina
1121 2399 1440 2449 secernere,
1478 2399 1625 2459 quae
1667 2378 1909 2439 diversis
1954 2374 2234 2440 aetatibus

366 2475 610 2536 ohtinuit
652 2476 710 2534 in
754 2475 994 2536 ecclesia
1039 2475 1159 2536 sive
1201 2496 1401 2555 graeca
1445 2474 1564 2534 sive
1606 2474 1803 2534 latina.

487 2572 753 2632 Doctrina
788 2572 1064 2632 catholica
1095 2593 1317 2654 semper
1346 2572 1488 2632 haec
1517 2571 1651 2643 suit,
1688 2571 1905 2632 validas
1937 2572 2236 2655 licitasque

367 2690 494 2728 esse
525 2668 805 2728 secundas
838 2682 893 2728 et
922 2668 1215 2729 ulteriores
1247 2668 1495 2749 nuptias.
1533 2668 1738 2728 Contra
1766 2690 1897 2728 vero
1929 2690 2039 2728 non
2071 2670 2237 2751 pauci

368 2765 637 2825 haeretici
681 2766 1030 2847 antiquiores
1075 2766 1354 2826 secundas
1398 2766 1653 2847 nuptiaS,
1690 2765 1863 2825 multo
1892 2787 2024 2825 vero
2053 2767 2236 2847 magis

368 2861 697 2934 ulteriores,
747 2859 1011 2923 defuncto
1054 2863 1240 2945 priore
1282 2863 1546 2943 coniuge,
1585 2876 1871 2944 tamquam
1915 2861 2141 2923 illicitas
2172 2884 2239 2923 ac

370 2959 525 3019 nullo
563 2960 729 3020 modo
767 2960 1028 3020 ferendas
1073 2960 1493 3041 improbarunt,
1521 2974 1585 3020 >et
1627 2959 1864 3019 execrati
1897 2972 2047 3018 sunt.
2076 2960 2239 3020 Hunc

369 3077 614 3116 errorem
659 3055 764 3115 sub
809 3055 1102 3116 cuiusdam
1147 3056 1508 3137 perfectionis
1552 3055 1778 3115 obtentu
1825 3054 2063 3135 professi
2110 3067 2239 3114 sunt

368 3153 774 3224 montanistae;
825 3153 986 3213 cuius
1031 3152 1111 3212 rei
1155 3166 1575 3212 monumentum
1608 3164 1758 3211 extat
1788 3151 2147 3211 ineluctabile
2177 3153 2238 3211 in

368 3249 539 3310 variis
582 3248 907 3309 Tertulliani
952 3248 1143 3321 libris,
1187 3248 1518 3330 praesertim
1561 3269 1693 3307 vero
1738 3247 1797 3305 in
1840 3247 1982 3307 libro
2012 3250 2093 3306 De
2121 3270 2234 3306 mo-

369 3349 643 3429 noqamia.
675 3346 1158 3418 Quemadmodum
1201 3367 1332 3407 vero
1378 3346 1434 3404 in
1478 3344 1607 3404 aliis
1650 3343 1933 3406 erroribus
1980 3344 2063 3404 sic
2092 3357 2148 3404 et
2177 3344 2234 3402 in

494 3513 601 3568 (188)
628 3517 871 3559 Cuiusmodi
890 3519 986 3560 sunt
1005 3516 1225 3569 censenda,
1247 3527 1352 3568 quae
1372 3526 1421 3557 ex
1440 3518 1498 3557 Io.
1511 3514 1667 3556 Bodino
1686 3514 1806 3556 refert
1824 3517 1854 3556 1.
1873 3517 1918 3556 A.
1938 3514 2147 3556 Fabricius
2167 3524 2233 3566 op.

371 3587 411 3626 et
436 3585 513 3626 loc.
535 3585 604 3625 cit.
