2320 4030
409 267 521 306 cst.
558 267 616 306 11.
645 267 708 307 nr
734 265 1024 309 roLYflAmA
1047 265 1374 307 succasswi.
1406 267 1522 306 ΛΒΤ.
1552 266 1608 306 11.
1866 251 1939 307 95

90 387 314 426 sensum
348 366 494 425 circa
532 365 627 424 illa
665 365 1103 448 patefaceremus
1135 378 1325 425 contra
1360 364 1660 426 nonnullos
1691 365 1788 447 qui
1818 387 1944 427 con-

88 461 313 520 tendere
353 460 461 521 visi
499 473 629 520 sunt
660 459 951 520 ecclesiam
990 459 1218 518 modum
1249 461 1562 521 excessisse
1599 459 1903 544 spectando
1926 509 1939 532 ,

88 569 148 614 ut
182 556 290 636 ipsi
332 569 654 626 autumant,
702 554 976 614 eiusmodi
1007 554 1363 614 matrimonia
1392 562 1659 638 tanquam
1690 555 1946 617 absolute

88 651 282 711 illicita
324 652 493 710 immo
535 649 701 709 etiam
747 649 1142 728 illegitima'ac
1185 648 1358 707 nulla.
1399 650 1469 711 At
1505 673 1633 712 vero
1673 653 1823 732 rigor
1851 652 1946 710 ille

86 770 194 807 non
241 747 441 826 dogma
479 745 577 805 sed
620 745 797 804 solam
845 744 1200 827 disciplinam
1245 745 1568 824 attingebat.

219 844 364 902 Sane
407 841 562 900 nulla
604 854 723 900 erat
770 841 910 901 ratio
961 863 1135 922 quare
1185 840 1423 900 ecclesia
1481 842 1796 922 trigamiam
1852 857 1948 904 aut

89 938 473 1018 tetragamiam
495 937 902 1019 ulterioresque
924 938 1149 1018 nuptias
1172 937 1463 996 damnaret
1487 937 1621 996 dum
1642 938 1947 1018 bigamiam

89 1035 371 1106 toleraret,
408 1033 802 1115 probaretque.
839 1033 1126 1115 Siquidem
1150 1033 1332 1093 eidem
1358 1033 1722 1094 fundamento
1751 1057 1948 1096 omnes

88 1130 364 1191 eiusmodi
410 1130 828 1190 coniunctiones
873 1129 1230 1212 quae'prio'ri
1277 1129 1651 1190 succedebant
1678 1178 1690 1201 ,
1748 1131 1950 1192 innite-

87 1227 321 1297 bantur,
369 1225 556 1287 verbis
601 1225 813 1285 scilicet
855 1224 1119 1306 Apostoli
1147 1238 1261 1284 tum
1305 1226 1362 1283 in
1394 1226 1498 1308 Ep.
1543 1226 1613 1284 ad
1651 1227 1808 1286 Rom.
1850 1228 1949 1285 «Si

88 1335 338 1381 mortuus
385 1321 549 1380 fuerit
584 1321 672 1380 vir
706 1320 828 1379 eius
865 1319 1098 1379 liberata
1132 1333 1217 1379 est
1259 1320 1528 1400 (mulier)
1565 1343 1598 1380 a
1643 1321 1765 1401 lege
1804 1322 1946 1394 viri,

87 1430 148 1476 ut
181 1440 291 1476 non
328 1417 400 1476 sit
437 1414 718 1487 adultera,
756 1415 804 1474 si
842 1415 1008 1475 fuerit
1037 1437 1164 1475 cum
1189 1415 1300 1476 alio
1322 1416 1472 1488 viro;
1494 1442 1522 1473 »
1544 1429 1661 1475 tum
1692 1418 1749 1475 in
1776 1419 1819 1475 Ι.
1841 1418 1946 1499 Ep.

91 1513 161 1571 ad
194 1511 444 1570 Corinth.
490 1511 676 1570 «Dico
707 1524 888 1569 autem
928 1532 1037 1570 non
1074 1511 1264 1592 nuptis
1294 1523 1344 1569 et
1373 1511 1556 1570 viduis
1578 1559 1591 1581 ,
1627 1512 1837 1572 bonum
1868 1527 1954 1574 est

92 1608 237 1678 illis,
289 1608 334 1667 si
385 1608 467 1667 sic
518 1620 908 1688 permaneant,
966 1607 1109 1666 sicut
1151 1621 1205 1666 et
1247 1608 1385 1687 Ego.
1438 1608 1598 1678 Quod
1645 1609 1692 1668 si
1738 1631 1849 1668 non
1893 1631 1955 1669 se

92 1703 410 1773 continent,
460 1702 719 1761 nubant»
768 1715 821 1761 et
864 1702 1093 1761 iterum:
1151 1703 1398 1762 «mulier
1442 1703 1669 1783 alligata
1712 1718 1799 1764 est
1840 1704 1949 1785 legi

92 1813 299 1880 quanto
335 1812 582 1878 tempore
610 1797 695 1857 vir
722 1797 845 1856 eius
882 1796 1049 1868 vivit,
1088 1798 1318 1879 quodsi
1349 1799 1638 1858 dormierit
1674 1801 1761 1860 vir
1789 1800 1912 1859 eius
1936 1848 1948 1870 ,

91 1896 325 1954 liberata
368 1907 487 1966 est,
534 1893 624 1953 cui
666 1893 783 1953 vult
826 1893 1028 1952 nubat:
1080 1903 1294 1952 tantUm
1340 1894 1398 1952 in
1432 1895 1690 1954 Demino.
1719 1920 1747 1952 »

213 1991 369 2060 Quae
411 1989 718 2050 sententiae
759 1988 1048 2069 generales
1093 2001 1256 2060 sunt,
1303 2011 1484 2071 neque
1528 2004 1812 2051 coarctant
1854 2014 1957 2052 nu-

93 2074 333 2168 ptiarum
385 2085 770 2166 repetitionem
813 2084 883 2142 ad
929 2092 1098 2144 unam
1141 2084 1227 2145 vel
1273 2084 1503 2144 alteram
1550 2099 1807 2159 tantum,
1858 2089 1957 2148 sed

94 2183 382 2242 indefinite
420 2190 481 2241 Se
514 2204 574 2241 se
610 2181 916 2240 extendunt
948 2181 1023 2240 'ad
1061 2181 1289 2253 tertias,
1333 2196 1565 2263 quartas
1603 2198 1700 2243 aut
1728 2185 1956 2266 quintas

93 2278 318 2360 nuptias
350 2287 512 2358 prout
540 2275 757 2335 iamdiu
787 2275 1102 2335 adverterat
1147 2283 1193 2335 s.
1232 2276 1579 2357 Augustinus
1617 2279 1746 2339 licet
1771 2280 1959 2340 vidui-

93 2387 259 2433 tatem
289 2395 423 2455 prae
452 2373 663 2454 nuptiis
695 2385 749 2432 et
777 2372 1128 2432 commendet
1169 2386 1221 2432 et
1256 2374 1525 2433 suadeat:
1574 2399 1601 2431 «
1628 2375 1709 2435 De
1725 2376 1913 2436 tertiis
1941 2425 1952 2446 ,

98 2469 304 2550 inquit,
339 2483 393 2529 et
430 2469 500 2529 de
535 2469 750 2550 quartis
789 2468 1003 2549 nuptiis
1037 2468 1218 2528 solent
1247 2469 1505 2530 homines
1538 2492 1759 2531 movere
1789 2493 1961 2553 quae-

101 2564 358 2623 stionem.
394 2565 550 2625 Unde
570 2614 582 2636 ,
617 2579 678 2623 ut
707 2564 950 2624 breviter
979 2565 1379 2647 respondeam,
1418 2588 1521 2625 nec
1549 2566 1696 2626 ullas
1729 2567 1957 2648 nuptias

100 2657 277 2717 audeo
313 2659 610 2719 damnare.
641 2709 651 2718 .
680 2709 727 2719 ..
767 2662 906 2731 Quis
943 2661 1094 2721 enim
1135 2683 1258 2721 sum
1280 2710 1291 2732 ,
1333 2662 1428 2742 qui
1466 2675 1654 2743 putem
1688 2663 1960 2722 definien-

101 2752 234 2812 dum
263 2754 412 2834 quod
447 2776 548 2814 nec
577 2756 901 2836 Apostolum
933 2757 1097 2822 video
1128 2756 1421 2815 definiisse
1447 2757 1475 2813 P
1504 2755 1596 2815 Ait
1624 2757 1771 2816 enim
1796 2782 1807 2816 :
1841 2757 1961 2816 Mu—

105 2851 204 2907 lier
232 2850 465 2930 alliqata
502 2852 582 2909 est
607 2852 867 2930 quamdiu
895 2853 982 2910 vir
1010 2853 1125 2910 eius
1155 2853 1312 2910 vivit.
1352 2853 1471 2911 Non
1502 2852 1675 2925 dixit,
1714 2853 1956 2935 primaS,

101 2958 196 3004 aut
238 2946 543 3018 secundaS,
593 2961 688 3005 aut
728 2948 947 3019 tertias,
994 2961 1089 3007 aut
1126 2961 1388 3028 quartas:
1435 2949 1566 3021 sed,
1615 2951 1844 3019 mulier,
1883 2950 1962 3009 in-

100 3041 251 3122 quit,
287 3043 520 3121 alliqata
557 3056 634 3101 est
662 3044 924 3124 quamdiu
953 3046 1042 3102 vir
1075 3047 1187 3102 eius
1223 3046 1391 3113 vivit,
1426 3047 1480 3103 si
1513 3058 1691 3104 autem
1719 3060 1961 3106 mortuus

98 3137 265 3215 suerit
305 3140 393 3195 vir
434 3140 546 3197 eius
572 3185 586 3207 ,
639 3140 867 3198 liberata
909 3152 1025 3208 est,
1089 3141 1179 3207 cui
1221 3141 1339 3198 vult
1386 3141 1593 3211 nubat,
1648 3154 1863 3201 tantum
1903 3144 1962 3199 in

99 3232 347 3291 Domino.
392 3234 611 3293 Beatior
652 3247 830 3293 autem
862 3236 1001 3304 erit,
1039 3237 1093 3293 si
1118 3237 1197 3294 sic
1226 3237 1607 3316 permanserit.
1648 3237 1796 3307 Quid
1828 3237 1964 3296 huic

104 3329 443 3401 sententiae,
493 3344 764 3411 quantum
808 3331 878 3389 ad
921 3331 1068 3389 hanc
1111 3353 1226 3390 rem
1270 3332 1514 3403 adtinet,
1564 3333 1697 3391 addi
1738 3332 1825 3392 vel
1866 3332 1963 3391 de·-

100 3424 243 3482 trahi
289 3426 468 3505 possit
497 3475 507 3497 ,
559 3427 752 3506 ignoro
783 3477 791 3484 .
823 3474 833 3484 .
865 3476 874 3484 .
907 3476 916 3484 .
957 3427 1267 3509 Quaproter
1312 3449 1414 3488 nec
1458 3441 1649 3489 contra
1682 3429 1961 3488 humanae

96 3521 462 3579 verecundiae
505 3543 731 3581 sensum
787 3521 966 3581 audeo
1009 3522 1224 3593 dicere,
1275 3536 1335 3582 ut
1376 3524 1635 3603 quotiens
1683 3522 1954 3594 voluerit,
