2320 4030
410 358 523 398 mr.
554 358 609 398 11.
640 357 703 396 ns
742 355 1028 396 roLYGAmA
1059 354 1382 395 successum.
1407 355 1521 394 Aur.
1547 354 1604 393 11.
1852 336 1924 390 99

76 469 190 515 tum
238 455 410 515 fuisse
451 457 507 513 in
538 455 730 514 eodem
783 467 928 511 tomo
977 451 1247 532 synodico
1292 473 1388 510 eos
1434 452 1529 532 qui
1576 472 1685 510 non
1739 472 1929 510 exces-

76 552 282 611 sissent
324 550 815 631 quadragesimum
854 545 1052 606 aetatis
1098 567 1341 614 annum,
1386 547 1431 605 si
1477 559 1603 628 post
1647 546 1927 605 secundas

76 647 300 726 nuptias
331 646 535 705 liberos
583 665 692 703 non
739 643 1087 710 habuissent,
1125 661 1294 720 posse
1338 642 1557 700 tertium
1603 641 1931 702 contrahere

75 741 394 821 coniugium
417 754 480 799 ut
499 738 735 798 defectui
768 735 1110 819 posteritatis
1142 735 1467 816 supplerent
1497 761 1508 806 ;
1549 738 1626 797 ita
1657 751 1843 798 tamen
1872 751 1933 797 ut

69 835 452 917 quinquennio
494 834 902 894 subiicerentur
944 830 1314 914 poenitentiae
1352 841 1406 890 et
1440 832 1656 914 absque
1691 855 1933 894 commu-
1998 887 2001 889 ,

74 932 239 992 nione
270 943 676 1012 permanerent.
716 930 951 1010 Insuper
984 927 1235 988 eamdem
1269 927 1491 986 veniam
1535 927 1722 988 datam
1754 929 1932 989 fuisse

74 1027 235 1087 tertio
264 1025 503 1086 iterandi
540 1026 764 1107 nuptias
802 1025 871 1084 iis
894 1072 906 1095 ,
943 1025 1040 1105 qui
1074 1022 1229 1082 vidui
1260 1022 1574 1083 extitissent
1607 1045 1697 1082 an.
1734 1026 1930 1085 aetatis

73 1121 359 1200 trigesimo
401 1120 474 1180 ob
517 1121 715 1181 aetatis
765 1119 1176 1188 infirmitatem,
1236 1117 1458 1177 etiamsi
1500 1117 1703 1179 liberos
1748 1142 1933 1180 susce-

72 1217 329 1297 pissent,
383 1217 583 1298 privati
628 1230 812 1276 tamen
855 1227 1041 1276 essent
1083 1213 1451 1294 quadriennio
1493 1215 1927 1287 communione,

69 1334 181 1394 quo
212 1325 458 1394 tempore
494 1312 715 1393 elapso,
764 1312 835 1371 ad
866 1333 989 1371 eam
1020 1309 1459 1370 admittebantur
1501 1309 1701 1370 saltem
1747 1323 1829 1370 ter
1873 1311 1931 1369 in

70 1429 256 1468 anno:
307 1408 602 1468 Balsamon
642 1406 1009 1466 nihilominus
1055 1404 1211 1464 addit
1254 1417 1465 1464 tomum
1496 1405 1723 1465 unionis
1760 1406 1931 1466 veluti

70 1502 248 1582 legem
279 1503 498 1563 civilem
522 1502 774 1561 habitum
802 1502 978 1561 fuisse
1000 1550 1012 1572 ,
1049 1514 1102 1560 et
1130 1500 1427 1561 ecclesiam
1449 1522 1632 1582 usque
1664 1501 1732 1560 ad
1768 1523 1928 1561 suam

71 1612 305 1658 aetatem
338 1600 531 1658 tertias
563 1597 787 1679 nuptias
827 1619 935 1658 non
967 1598 1296 1679 permisisse
1324 1599 1472 1675 (81).
1511 1598 1707 1658 Postea
1744 1611 1930 1659 tamen

71 1692 183 1751 alia
224 1693 566 1753 consuetudo
605 1693 662 1751 in
706 1692 942 1752 ecclesia
985 1714 1184 1771 graeca
1229 1691 1457 1751 inolevit
1493 1693 1639 1769 (82).

192 1788 383 1868 ltaque
425 1808 491 1846 ex
532 1787 624 1847 his
658 1787 951 1847 manifeste
988 1786 1268 1866 colligitur
1297 1807 1407 1845 non
1447 1786 1516 1844 ad
1553 1786 1786 1867 dogma,
1831 1789 1930 1848 sed

67 1881 137 1940 ad
180 1881 536 1961 disciplinam
582 1882 858 1962 pertinere
900 1904 1151 1943 severam
1183 1880 1537 1962 polygamiae
1572 1883 1930 1944 successivae

67 1976 522 2057 prohibitionem,
564 2000 708 2059 quae
743 1978 799 2036 in
840 1977 1078 2037 ecclesia
1114 1998 1315 2057 graeca
1349 1989 1402 2035 et
1431 1977 1685 2037 orientali
1714 1980 1923 2059 viguit,

64 2084 118 2130 et
146 2071 358 2144 adhuc,
395 2072 592 2132 saltem
621 2095 688 2133 ex
726 2086 882 2154 parte
909 2073 1057 2152 viget
1084 2121 1095 2144 ,
1142 2074 1199 2131 in
1237 2094 1351 2154 qua
1383 2071 1534 2131 velut
1564 2073 1927 2155 impedimen-

64 2179 179 2227 tum
221 2166 488 2228 dirimens
533 2169 589 2227 in
627 2170 955 2249 tetragamia
992 2191 1057 2229 ac
1101 2169 1422 2250 polygamia
1461 2172 1765 2252 generatim
1803 2195 1929 2233 con-

64 2263 314 2323 stitutum
355 2264 492 2335 fuit,
541 2277 709 2347 atque
756 2265 829 2325 ab
871 2265 1299 2326 immemorabili
1328 2282 1612 2329 servatum
1649 2271 1798 2348 (83).

185 2359 534 2442 Quapropter
574 2375 636 2421 ut
679 2383 852 2442 supra
897 2363 1201 2442 generatim
1238 2364 1549 2437 innuimus,
1586 2365 1805 2446 antiqui
1847 2366 1928 2424 illi

66 2467 250 2532 patres
293 2477 528 2537 quorum
566 2456 885 2517 testimonia
924 2457 1329 2538 descripsimus
1376 2459 1736 2521 cohaerenter
1765 2460 1836 2519 ad
1870 2461 1930 2519 il-

189 2638 272 2688 (81)
296 2638 399 2680 Ibid.
421 2641 485 2682 cs.
506 2642 629 2683 etiam
652 2643 787 2684 Photii
823 2645 1116 2685 Nomocanon.
1140 2646 1221 2685 Tit.
1246 2646 1358 2685 XIII.
1384 2648 1429 2686 in
1451 2646 1663 2687 Biblioth.
1702 2649 1814 2687 iuris
1848 2658 1915 2688 ca-

68 2703 210 2742 nonici
237 2705 394 2744 veteris
419 2707 554 2747 voelli
580 2708 709 2749 Paris.
743 2715 856 2750 1661.
882 2712 1000 2750 Tom.
1025 2712 1076 2750 11.
1104 2721 1195 2761 pag.
1224 2716 1334 2752 1080.

194 2768 275 2819 (82)
301 2770 365 2810 Cf.
394 2771 574 2812 Renaud.
595 2773 675 2814 loc.
700 2775 770 2816 cit.
791 2786 882 2827 pag.
904 2779 994 2817 407.
1017 2777 1072 2822 cf,
1092 2776 1215 2817 etiam
1243 2776 1463 2817 Arcadium
1494 2789 1562 2830 op.
1583 2778 1671 2828 cit„
1692 2790 1728 2819 c.
1752 2785 1815 2820 25.
1850 2779 1921 2819 ubi

69 2833 199 2873 fusius
230 2844 335 2885 quae
369 2836 580 2878 Balsamon
600 2838 730 2879 obiter
746 2851 795 2880 ac
815 2841 990 2881 strictim
1014 2841 1161 2894 refert,
1180 2842 1361 2894 enarrat,
1381 2844 1640 2895 ostenditque
1666 2846 1807 2897 postea
1834 2846 1920 2886 lici-

60 2900 120 2940 tas
150 2900 215 2941 vel
249 2901 359 2953 apud
375 2913 539 2954 graecos
566 2905 606 2945 et
629 2905 844 2947 orientales
879 2907 1058 2959 reliquos
1075 2907 1216 2949 tertias
1247 2910 1412 2960 nuptias
1444 2910 1632 2952 evasisse.
1663 2914 1752 2953 Non
1781 2914 1916 2953 tamen

62 2966 161 3006 mihi
191 2968 327 3009 omnia
362 2970 614 3023 probantur,
651 2984 758 3024 quae
787 2973 896 3014 idem
931 2975 1073 3014 auctor
1106 2975 1193 3016 illic
1226 2975 1362 3016 habet.

188 3033 271 3084 (83)
299 3034 362 3075 Cf.
399 3036 672 3078 Arcudiuml.
704 3050 741 3078 c.
762 3050 853 3091 pag.
877 3045 967 3081 550.
991 3041 1070 3080 col.
1097 3046 1131 3081 1.
1154 3041 1224 3081 ubi
1245 3042 1456 3083 scribit·
1476 3045 1579 3085 cum
1598 3048 1807 3087 canonico
1828 3048 1925 3087 iure

58 3099 227 3148 quartae
261 3101 426 3152 nuptiae
457 3103 566 3154 apud
601 3115 765 3155 graecos
800 3107 966 3146 omnino
1001 3107 1184 3148 sublatae
1227 3109 1354 3149 sinta
1409 3112 1560 3151 Verum
1589 3111 1639 3152 de
1672 3113 1736 3152 his
1770 3113 1925 3164 quartis

58 3164 210 3216 nuptiis
243 3168 424 3218 apposite
458 3171 652 3211 nonnulla
687 3172 884 3213 addemus
915 3174 1039 3225 paulo
1075 3176 1199 3226 post,
1235 3176 1288 3216 ob
1322 3176 1463 3227 gravia
1497 3178 1627 3230 iurgia
1657 3180 1820 3231 propter
1858 3191 1925 3220 eas

58 3230 242 3272 excitata.
271 3232 318 3272 Id
349 3234 483 3285 ipsum
514 3236 671 3276 censuit
700 3237 752 3278 cl.
786 3238 897 3278 card.
939 3239 1099 3290 Maius,
1141 3242 1212 3292 qui
1248 3242 1290 3281 in
1309 3241 1436 3292 praef
1458 3242 1510 3283 ad
1530 3244 1614 3285 vol.
1635 3247 1684 3285 X
1706 3245 1924 3298 spicileyzi

56 3297 257 3346 Romani,
283 3309 372 3350 pag.
397 3303 503 3341 XVI.
524 3302 692 3343 scribit·
731 3305 891 3352 «Quod
925 3305 1099 3357 denique
1129 3308 1297 3358 quartas
1328 3309 1493 3360 nuptias
1530 3311 1720 3352 Nicolaus
1747 3313 1923 3373 (cogno-

54 3364 189 3404 mento
213 3366 420 3417 Mysticus
445 3370 676 3420 patriarcha
702 3373 1195 3426 constantinopolitanus)
1230 3369 1430 3427 πορνείαν
1451 3375 1818 3427 fornicationem,
1855 3378 1920 3418 vel

56 3428 168 3477 peius
185 3429 405 3485 quiddam,
438 3434 560 3476 audet
582 3447 676 3477 cum
694 3437 840 3489 priscis
859 3438 1017 3490 aliquot
1032 3440 1236 3491 appellare
1263 3451 1353 3493 pag
1383 3448 1471 3485 295
1494 3442 1536 3482 id
1563 3453 1644 3483 non
1669 3442 1787 3483 aliter
1802 3443 1918 3483 intel-

54 3491 160 3544 ligo,
197 3505 319 3547 quam
341 3498 394 3540 de
419 3501 747 3553 impedimento,
777 3505 824 3545 ut
842 3505 981 3557 aiunt,
1011 3505 1264 3556 dirimente,
1293 3508 1411 3558 quod
1434 3510 1700 3549 auctoritate
1725 3507 1921 3550 ecclesia-

55 3558 164 3599 stica
179 3561 502 3617 interpositum,
522 3568 673 3611 nullas
688 3580 837 3622 reapse
856 3571 1001 3613 reddit
1022 3573 1200 3625 nuptias
1216 3573 1433 3624 quamdiu
1462 3576 1600 3623 tene&
1618 3574 1792 3625 ideoque
1816 3576 1919 3626 ipso·

58 3634 147 3666 rum
172 3636 266 3667 usus
288 3638 310 3669 a
330 3626 530 3682 πορνείας
555 3635 644 3677 labe
674 3647 753 3678 non
783 3636 932 3678 differt.
956 3654 975 3673 υ
