2320 4030
331 270 406 327 92
626 287 728 327 mn.
760 283 838 325 111.
867 283 1012 323 sacr.
1052 283 1088 322 1.
1127 284 1192 323 nn
1221 283 1378 324 MATR.
1419 282 1624 325 cnmsr.
1663 285 1905 327 nmium.

330 387 503 448 dorus
546 383 798 455 Studita,
842 382 1121 443 eiusmodi
1167 383 1453 444 coronatio
1499 396 1597 444 aut
1637 383 1984 459 benedictio,
2021 409 2197 470 quac,

330 497 556 567 peracta
598 480 973 563 poenitentia,
1010 481 1422 542 concedebatur
1461 480 1704 561 bigamis
1736 495 1854 543 erat
1896 505 1930 543 a
1970 482 2204 544 benedi-

329 581 511 640 ctione
553 590 607 637 et
649 576 1013 637 coronatione
1063 577 1306 660 nuptiali
1353 577 1520 660 plane
1563 577 1788 638 diversa
1838 580 1986 657 (62).
2028 581 2205 640 Immo

330 677 470 736 haec
511 674 831 735 benedictio
877 697 976 758 pro
1011 675 1253 755 bigamis
1298 697 1422 736 sero
1466 675 1783 735 introducta
1826 688 1913 736 est
1955 698 2022 735 ex
2065 698 2206 759 qua—

326 773 457 832 dam
501 771 840 854 disciplinae
893 771 1279 832 immutatione
1335 785 1462 854 post
1511 773 1749 833 Leonem
1807 772 2205 854 imperatorem

327 869 426 952 qui
471 870 835 951 Philosophus
878 883 964 929 est
1007 881 1366 950 nuncupatus
1404 872 1551 948 (63).
1600 870 1694 929 Sic
1738 870 1794 928 in
1846 869 2206 930 concordiam

326 979 658 1027 revocantur
686 988 831 1048 quae
862 966 971 1025 sibi
1003 966 1244 1026 invicem
1289 965 1576 1025 adversari
1619 966 1883 1026 videntur
1914 967 1971 1025 in
2004 966 2206 1026 ritibus

327 1085 687 1144 graecorum,
731 1063 868 1123 dum
906 1085 973 1123 ex
1009 1086 1124 1123 una
1153 1075 1307 1146 parte
1337 1062 1595 1122 absolute
1624 1063 1829 1123 dicitur
1858 1062 1917 1122 in
1949 1065 2205 1147 ipsorum

331 1159 694 1240 Euchologiis
726 1159 981 1240 diqamus
1011 1182 1116 1218 non
1153 1171 1442 1219 coronatur
1476 1158 1624 1236 (64),
1651 1180 1719 1218 ex
1749 1158 1922 1219 altera
1949 1182 2082 1220 vero
2126 1160 2209 1219 in-

324 1257 584 1317 venimus
646 1256 895 1316 officium
947 1256 1231 1339 peculiare
1274 1278 1374 1338 pro
1419 1254 1777 1315 coronatione
1820 1254 2196 1335 digamorum.

450 1353 820 1414 Privabantur
862 1366 1150 1435 praeterea
1192 1352 1403 1433 bigami
1458 1350 1729 1412 ecclesiae
1781 1350 2157 1435 eleemosynis
2192 1401 2204 1425 ‚

326 1450 409 1511 uti
451 1462 685 1511 testatur
714 1452 771 1509 S.
802 1450 1179 1532 Hieronymus
1225 1449 1511 1510 scribens:
1554 1474 1582 1506 «
1610 1449 1732 1509 Non
1777 1448 1962 1509 solum
2006 1449 2078 1509 ab
2124 1449 2209 1510 of-

328 1548 458 1608 ficio
502 1547 838 1607 sacerdotali
883 1547 1146 1628 digamus
1191 1546 1540 1617 excluditur3
1598 1544 1699 1606 sed
1744 1558 1798 1606 et
1846 1545 1916 1605 ab
1959 1545 2202 1606 eleemo-

328 1668 473 1729 syna
515 1644 820 1717 ecclesiae,
862 1644 997 1704 dum
1040 1645 1277 1725 indigna
1320 1657 1549 1726 putatur
1592 1643 1770 1726 stipe,
1808 1665 1953 1726 quae
1997 1644 2070 1704 ad
2116 1666 2206 1704 se·-

332 1743 521 1804 cunda
560 1743 825 1824 coniugia
870 1741 1131 1803 devoluta
1173 1755 1260 1803 est
1295 1746 1487 1822 (65).»

454 1840 711 1921 Denique
754 1839 981 1900 nonnisi
1027 1839 1133 1898 sub
1177 1839 1521 1922 quibusdam
1565 1838 1982 1900 conditionibus
2015 1861 2212 1900 secun-

329 1936 436 1996 dae
483 1937 712 2017 nuptiae
755 1934 1252 2017 permittebantur,
1289 1959 1528 2017 quarum
1570 1936 1752 2018 prima
1794 1936 1929 2010 fuit,
1965 1950 2027 1996 ut
2063 1937 2209 1997 inte-

330 2056 429 2114 ger
469 2033 540 2092 ab
571 2032 727 2092 obitu
766 2031 1023 2111 coniugis
1057 2053 1238 2090 annus
1277 2032 1453 2091 fluere
1485 2032 1714 2092 deberet
1757 2045 2056 2115 antequam
2101 2055 2202 2094 no-

328 2152 431 2190 vae
483 2130 715 2211 nuptiae
758 2128 1058 2188 inirentur:
1107 2128 1270 2187 cuius
1327 2127 1667 2188 conditionis
1712 2130 1922 2191 mentio
1966 2131 2210 2192 occurrit

333 2227 390 2286 in
435 2226 579 2287 actis
635 2249 684 2285 S.
724 2225 1003 2308 Meygoldi
1047 2224 1312 2307 martyris
1357 2225 1507 2306 apud
1550 2224 1883 2284 Bollandum
1916 2227 1974 2285 in
2005 2227 2214 2309 quibus

331 2324 536 2405 legitur
562 2348 573 2382 :
625 2349 654 2379 «
683 2324 838 2383 Sicut
878 2323 1048 2403 igitur
1077 2322 1165 2381 lex
1197 2321 1469 2380 canonica
1498 2321 1569 2380 de
1598 2322 1785 2381 viduis
1817 2323 2020 2395 habet,
2063 2340 2216 2383 tran-

333 2442 485 2489 sacto
542 2451 692 2488 anno
756 2441 884 2509 post
940 2427 1155 2487 obitum
1216 2425 1435 2486 comitis
1493 2424 1802 2498 Willelmi,
1860 2426 2216 2487 celebrantur

333 2525 563 2608 nuptiae
619 2525 689 2585 de
751 2525 906 2585 Geita
961 2537 1015 2584 et
1063 2522 1358 2606 Meygoldo
1401 2525 1550 2602 (66).
1596 2522 1787 2583 Canon
1835 2526 2110 2607 reperitur
2154 2526 2214 2584 in

334 2623 595 2705 capitulis
639 2624 717 2683 ita
760 2623 926 2683 dictis
970 2621 1249 2682 Theodori
1291 2620 1704 2680 cantuariensis
1763 2621 1854 2680 his
1899 2621 2088 2683 verbis
2120 2645 2215 2682 ex-

330 2743 595 2803 pressus:
662 2747 689 2778 «
717 2720 952 2780 Muliere
995 2732 1214 2779 mortua
1255 2717 1423 2777 liceat
1472 2717 1593 2777 viro
1638 2732 1766 2800 post
1810 2733 2045 2779 mortem
2089 2720 2220 2780 alte-

332 2841 451 2876 ram
493 2817 781 2899 accipere;
830 2829 1050 2877 mortuo
1093 2837 1226 2875 vero
1269 2815 1425 2886 vir0,
1463 2827 1592 2896 post
1634 2837 1845 2875 annum
1888 2816 2054 2877 liceat
2096 2840 2218 2877 mu-

334 2912 454 2973 lieri
500 2913 735 2972 alterum
789 2907 972 2973 virum
1024 2912 1276 2994 accipere
1326 2912 1473 2990 (67).
1526 2910 1632 2971 Hic
1682 2934 1862 2972 canon
1912 2913 2217 2974 conformis

452 3067 536 3119 (62)
563 3069 692 3120 Epist.
718 3068 787 3108 cit.

449 3136 531 3187 (63)
558 3135 786 3176 Renaudot.
802 3135 1055 3186 Perpetuice
1073 3133 1126 3174 de
1147 3131 1272 3183 lasci
1287 3135 1389 3173 tom.
1410 3133 1458 3172 V.
1474 3141 1565 3183 pag.
1585 3135 1676 3173 437.
1699 3143 1773 3174 nec
1791 3145 1872 3174 non
1887 3134 2080 3177 Chardon
2098 3136 2216 3178 Just.

331 3201 406 3242 des
433 3201 616 3242 sacrem.
645 3203 732 3242 tom
771 3203 841 3242 vl.
862 3212 904 3253 p.
929 3206 1021 3241 208.

445 3269 531 3319 (64)
561 3261 767 3321 Δίγαμος
806 3262 869 3320 μή
892 3261 1212 3319 evomenda-05·
1243 3269 1424 3310 Euchol.
1454 3281 1494 3321 p,
1517 3276 1608 3311 601.

451 3336 533 3387 (65)
559 3336 685 3388 Epist.
705 3336 776 3376 cit.
797 3335 850 3375 ad
870 3335 1157 3387 Ageruchiam.
1179 3347 1220 3375 n.
1242 3342 1280 3377 6.
1302 3336 1368 3376 ed.
1392 3338 1501 3378 Vall.
1520 3339 1621 3377 tom.
1645 3339 1677 3376 l.
1701 3338 1779 3377 col.
1804 3342 1893 3377 898.

451 3404 535 3454 (66)
564 3402 627 3443 Ad
646 3403 755 3443 diem
786 3409 823 3443 8.
848 3402 946 3442 Feb.
968 3404 1067 3443 tom.
1093 3405 1146 3443 II.
1167 3413 1257 3454 pag.
1286 3409 1372 3444 193.
1401 3405 1479 3444 col.
1505 3411 1542 3445 2.
1565 3415 1607 3443 n.
1630 3408 1667 3444 7.
1695 3404 1836 3443 floruit
1854 3414 1976 3454 porro
1996 3403 2062 3443 hic
2083 3404 2217 3455 Meyn-

337 3471 483 3523 goldus
507 3483 580 3512 seu
614 3469 857 3522 Mengoldus
894 3482 942 3511 ac
966 3471 1165 3523 martyrio
1194 3471 1361 3512 functus
1401 3473 1464 3513 est
1493 3483 1573 3513 sec.
1593 3476 1643 3511 x.

455 3540 538 3590 (67)
568 3541 615 3579 In
635 3538 866 3591 Spicileqio
893 3538 1085 3579 Dacherii
1104 3539 1206 3579 tom.
1226 3542 1296 3580 lx.
1316 3551 1407 3591 pag.
1430 3546 1495 3581 58.
1515 3551 1603 3592 cap.
1625 3540 1784 3579 LXXII.
1810 3540 1919 3579 Haec
1936 3538 2032 3589 ,ipsa
2051 3539 2221 3580 totidem

336 3605 474 3647 verbis
512 3606 702 3658 leguntur
735 3604 777 3646 in
807 3607 1014 3660 Exceptis
1035 3605 1222 3657 Ecgberti
1246 3606 1506 3656 eboracensis
1538 3604 1995 3658 archiepiscopio.116¹
