2320 4030
298 186 411 224 cir.
430 184 585 224 ηπ
609 184 735 224 mss,
755 185 911 224 MATR.
936 184 1198 234 nAr1‚NoN
1230 183 1495 225 comum.
1525 181 1640 221 Am.
1670 179 1747 220 111.
1840 162 1946 219 491

120 279 261 338 Dum
306 296 487 340 autem
520 281 576 339 id
605 281 848 340 dicimus
868 328 880 352 ,
915 279 1066 339 haud
1097 279 1436 339 intendimus
1467 277 1655 338 omnia
1691 275 1953 358 probare,

121 398 263 456 quae
305 377 605 436 identidem
636 400 669 435 a
690 376 962 455 theologis
985 424 997 446 ,
1026 375 1351 456 praesertim
1375 373 1800 444 vetustioribuS‚
1835 394 1962 432 con-

121 484 275 548 gesta
319 486 479 541 sunt;
516 471 734 530 critices
786 472 934 530 enim
979 484 1095 529 arte
1148 470 1393 528 nondum
1445 469 1515 529 ad
1566 468 1959 550 perfectionem

122 565 394 636 adducta,
453 587 562 625 non
605 566 789 626 minus
835 565 1091 625 catholici
1136 586 1303 646 quam
1348 575 1752 646 protestanteS‚
1800 575 1961 643 prout

121 661 370 740 ipsorum
388 660 799 720 lucubrationes
823 672 1105 720 anteactae
1128 658 1280 717 illius
1305 659 1499 718 aetatis
1521 658 1703 740 palam
1727 658 1956 730 faciunt,

120 755 397 815 interdum
447 756 816 816 offenderunt.
867 758 1060 837 Itaque
1103 755 1194 814 his
1237 754 1423 814 minus
1472 755 1636 814 certis
1683 754 1912 814 omissis
1941 801 1956 825 ,

120 872 221 909 nos
252 851 566 910 insistimus
589 850 769 911 allatis
793 851 1060 934 exemplis
1083 872 1317 933 quorum
1341 850 1760 909 fundamentum
1791 849 1961 911 histo·

120 945 293 1004 ricum
337 946 458 1005 iure
500 946 556 1004 in
593 946 826 1006 dubium
869 968 1126 1007 revocare
1162 946 1355 1027 nequit
1391 948 1537 1024 (72).

241 1042 494 1101 Secundo
541 1064 650 1101 non
692 1043 957 1103 deficiunt
986 1065 1051 1101 ex
1082 1054 1235 1123 parte
1276 1041 1385 1112 rei;
1426 1042 1559 1123 quia
1591 1041 1810 1101 etiamsi
1847 1063 1959 1101 non

120 1137 369 1216 legamus
414 1161 752 1221 quemquam
797 1139 1046 1210 illorum,
1094 1137 1191 1219 qui
1236 1138 1295 1195 in
1340 1136 1527 1197 seculo
1569 1136 1747 1196 relicti
1790 1150 1952 1208 sunt,

119 1256 290 1294 novas
336 1234 531 1294 iniisse
574 1236 828 1317 nuptias,
871 1257 982 1294 non
1025 1234 1155 1292 inde
1198 1233 1483 1315 sequitur,
1520 1233 1578 1291 id
1612 1254 1707 1292 eos
1740 1255 1850 1292 non
1879 1232 1960 1292 fe-

119 1329 284 1389 cisse.
315 1330 623 1411 Scriptores
664 1332 813 1390 enim
859 1329 1221 1390 ecclesiastici
1266 1328 1488 1389 solliciti
1531 1328 1696 1388 unice
1738 1328 1960 1389 suerunt

117 1424 188 1483 de
238 1426 543 1486 referendis
587 1427 801 1486 actibus
841 1425 1062 1486 virtutis
1106 1446 1331 1495 eorum,
1382 1424 1479 1505 qui
1523 1423 1730 1483 Christi
1772 1446 1959 1485 amore

118 1521 384 1580 nuncium
415 1522 746 1582 remiserunt
768 1521 955 1581 seculo
979 1521 1050 1580 ad
1072 1520 1443 1580 continentiae
1472 1520 1817 1601 propositum
1847 1541 1961 1579 ser·

117 1617 395 1688 vandum,
443 1617 580 1698 quin
623 1630 1087 1698 persequerentur
1126 1639 1226 1687 ea,
1276 1638 1420 1698 quae
1458 1615 1600 1697 parti
1637 1616 1795 1675 alteri
1826 1637 1958 1676 con·

118 1710 376 1790 tigerunt.
406 1713 658 1772 Ceterum
694 1713 935 1773 vidimus
958 1712 1278 1790 Ecgfridum
1316 1712 1605 1791 anglorum
1643 1734 1827 1792 regem
1857 1734 1958 1772 no-

115 1827 245 1864 vum
288 1808 473 1889 reipsa
516 1809 715 1867 iniisse
755 1808 1076 1888 coniugium
1116 1829 1228 1867 sec.
1258 1808 1527 1868 ecclesiae
1558 1809 1647 1866 VI.
1677 1821 1909 1867 exeunte
1936 1854 1950 1878 ,

117 1915 213 1960 aut
255 1902 479 1962 ineunte
520 1904 634 1961 Vll.
675 1905 895 1964 nemine
938 1905 1141 1964 nedum
1186 1904 1552 1975 reclamante,
1602 1904 1702 1963 sed
1750 1926 1820 1963 ne
1861 1903 1956 1962 ad-

116 1996 351 2056 mirante
383 1998 641 2077 quidem;
679 1998 846 2057 immo
888 2020 1019 2058 vero
1062 1999 1319 2058 eumdem
1360 1998 1580 2057 virtutis
1623 2019 1688 2057 ac
1732 1998 1955 2078 pietatis

115 2091 280 2151 laude
325 2094 579 2153 novimus
623 2093 1087 2152 commendatum.
1136 2093 1472 2173 Argumento
1523 2093 1693 2173 igitur
1735 2108 1820 2153 est
1865 2094 1954 2173 agi

115 2187 171 2245 in
216 2189 322 2248 hoc
374 2190 612 2249 transitu
656 2190 727 2249 ad
771 2190 1047 2250 secundas
1091 2191 1315 2271 nuptias
1359 2191 1429 2250 de
1464 2213 1522 2250 re
1559 2204 1856 2261 consueta,
1902 2204 1955 2249 et

115 2285 479 2344 communiter
523 2299 763 2367 recepta.

235 2381 475 2439 Concedi
517 2383 706 2462 utique
738 2395 917 2463 potest
947 2382 1003 2439 in
1034 2381 1315 2441 nonnullis
1354 2395 1670 2441 sanctorum
1707 2394 1954 2441 veterum

115 2475 381 2556 exemplis
427 2477 696 2535 incertum
738 2499 894 2547 esse,
930 2499 1060 2535 num
1099 2476 1168 2535 de
1200 2478 1558 2558 sponsalibus
1601 2490 1811 2536 tantum
1835 2525 1846 2547 ‚
1882 2499 1955 2535 an

115 2592 243 2629 vero
286 2571 355 2629 de
398 2572 612 2651 nuptiis
658 2572 879 2652 proprie
913 2585 1142 2651 agatur3
1180 2573 1235 2630 in
1268 2572 1394 2632 aliis
1426 2586 1607 2632 tamen
1638 2572 1707 2632 de
1738 2573 1952 2653 nuptiis

117 2688 310 2746 presse
351 2667 589 2748 sumptis
633 2667 822 2747 procul
864 2668 1033 2728 dubio
1076 2691 1257 2729 sermo
1296 2682 1398 2728 est.
1429 2670 1628 2728 Notum
1659 2683 1842 2729 autem
1872 2682 1957 2729 est

117 2784 286 2841 penes
329 2775 540 2821 veteres
583 2776 862 2844 receptum
913 2764 1125 2846 passim
1168 2765 1374 2835 fuisse,
1430 2778 1492 2824 ut
1541 2765 1806 2845 coniuges
1864 2787 1958 2825 no-

115 2857 265 2916 mine
308 2859 502 2938 sponsi
547 2872 641 2918 aut
677 2881 920 2939 sponsae
962 2874 1432 2941 nuncuparentur.

231 3051 313 3102 (72)
339 3053 398 3091 De
424 3052 533 3091 Actis
564 3063 598 3091 s.
619 3053 790 3092 Theclae
819 3053 871 3093 cf.
896 3065 1000 3104 quae
1035 3054 1195 3104 scripsit
1224 3055 1456 3094 Honoratus
1484 3066 1507 3093 a
1535 3065 1567 3094 s.
1593 3055 1722 3094 Maria
1739 3055 1780 3094 in
1799 3066 1865 3106 op.
1883 3058 1952 3095 Re·

104 3115 299 3165 flexions
316 3127 395 3156 sur
412 3116 472 3156 les
489 3117 624 3167 reqles
645 3119 685 3157 et
704 3117 865 3169 l'usaqc
885 3118 937 3159 de
959 3118 1004 3159 la
1030 3121 1228 3171 critique.
1253 3119 1380 3160 Paris,
1407 3123 1516 3160 1713.
1533 3122 1631 3159 tom.
1653 3122 1684 3160 Ι.
1707 3133 1745 3171 p.
1773 3125 1951 3161 178-295.

111 3183 151 3220 et
167 3183 265 3221 tom.
287 3185 338 3222 ΙΙ.
362 3194 401 3234 p.
426 3190 470 3223 18
491 3195 604 3234 seqq.
625 3185 722 3224 Acta
742 3195 836 3224 vero
854 3196 887 3225 s.
900 3186 1096 3226 Caeciliae
1115 3198 1194 3226 non
1214 3186 1270 3226 ita
1289 3187 1444 3237 pridem
1472 3187 1652 3237 vulgavit
1667 3198 1714 3227 ac
1733 3186 1956 3227 vindicavit

113 3249 162 3286 D.
186 3249 416 3300 Gueranger
445 3249 486 3288 in
514 3261 581 3300 op.
612 3251 803 3290 Histoire
829 3250 882 3291 de
907 3254 1048 3292 sainte
1080 3252 1230 3292 Gecile.
1254 3254 1383 3292 Deux.
1402 3252 1466 3292 ed.
1489 3253 1602 3293 Paris
1628 3259 1731 3292 1353.
1757 3253 1818 3292 Cf.
1837 3263 1948 3303 prae·

112 3312 251 3353 sertim
271 3314 336 3354 eh.
358 3317 503 3355 XXXV
520 3326 605 3366 seq.
627 3317 825 3356 Examen
851 3318 893 3357 et
917 3315 1159 3366 refutation
1186 3316 1259 3357 des
1286 3319 1538 3368 arqumenls
1564 3317 1617 3357 de
1645 3316 1787 3357 l'ecole
1803 3316 1948 3366 janse-

112 3380 221 3419 niste
247 3382 394 3421 contre
415 3381 475 3421 les
490 3383 613 3422 Actes
629 3381 681 3421 cle
696 3384 836 3422 sainte
864 3382 1020 3432 (licite,
1041 3394 1130 3434 pag.
1153 3389 1226 3425 308
1250 3394 1362 3434 seqq.
1383 3386 1441 3424 De
1462 3384 1568 3424 Actis
1594 3395 1626 3422 s.
1649 3383 1776 3423 Alexii
1796 3383 1847 3422 cf.
1861 3382 1949 3422 Bol-

109 3443 321 3485 landianos
356 3447 432 3486 loc.
452 3447 520 3487 cit.
1364 3468 1367 3471 ·
