2320 4030
464 270 576 309 CAP.
607 269 664 309 11.
696 270 758 308 DE
784 267 1073 308 Pone-Ama
1097 266 1422 308 SUCCESSIVA.
1447 266 1562 306 ΛΒΤ.
1592 266 1630 305 1.
1898 247 1972 303 93

119 366 222 426 fuit
274 365 382 445 legi
439 365 713 447 imperiali
770 386 915 448 quae
970 376 1119 423 extat
1172 364 1229 421 in
1281 364 1472 424 codice
1529 361 1953 422 Theodosiano:

124 486 152 517 (1
180 461 236 518 Si
269 483 381 542 qua
424 483 490 520 ex
535 459 795 520 foeminis
839 457 1056 539 perdito
1096 458 1327 530 marito,
1363 459 1509 518 intra
1551 457 1683 517 anni
1727 457 1973 539 spatium

122 556 279 616 alteri
325 557 608 616 festinavit
643 555 941 614 innubere:
985 556 1209 634 (parum
1254 554 1403 611 enim
1440 554 1707 635 temporis
1747 565 1874 634 post
1899 553 1970 611 X.

119 675 342 712 menses
371 651 706 712 servandum
742 650 1069 721 adiicimUS,
1106 649 1326 708 tametsi
1360 649 1621 728 exiguum
1647 652 1972 732 putemus);

119 748 405 829 probrosis
458 748 644 806 inusta
677 746 822 805 notis
843 793 855 816 ,
892 745 1227 805 honestioris
1268 744 1591 826 nobilisque
1621 767 1894 826 personae
1924 758 1979 804 et

120 844 320 904 decore
363 856 417 902 et
458 842 580 901 iure
621 842 898 922 privetur3
937 854 1102 922 atque
1131 839 1321 900 omnia
1351 862 1496 920 quae
1526 840 1597 899 de
1627 841 1832 921 prioris
1864 863 1977 899 ma-

120 941 210 999 riti
252 939 414 999 bonis
456 938 544 998 vel
584 938 703 996 iure
735 937 1175 1018 sponsaliorum,
1201 934 1289 996 vel
1327 935 1538 995 iudicio
1567 936 1815 996 defuncti
1847 958 1973 996 con-

53 1101 56 1103 ,
118 1034 266 1113 iugis
310 1046 606 1093 consecuta
649 1033 857 1104 fuerat,
904 1033 1135 1091 amittat.
1186 1031 1254 1089 Et
1307 1030 1448 1089 sciat
1502 1051 1604 1089 nec
1651 1031 1722 1089 de
1779 1045 1971 1091 nostro

116 1130 389 1190 beneficio
449 1130 537 1190 vel
594 1129 981 1189 adhortatione
1035 1126 1379 1209 sperandum
1436 1125 1548 1186 sibi
1605 1149 1734 1186 esse
1788 1128 1978 1187 subsi-

117 1227 273 1285 dium
292 1228 480 1305 (68).»
504 1226 665 1285 Hunc
687 1238 871 1284 autem
896 1246 1164 1285 canonem
1187 1245 1253 1283 ac
1282 1223 1462 1302 legem
1487 1224 1844 1283 Innocentius
1870 1226 1968 1282 III.

126 1323 413 1402 abrogavit
442 1321 736 1381 definiens:
777 1346 805 1378 «
836 1321 994 1393 Cum,
1030 1320 1338 1380 secundum
1367 1317 1717 1401 Apostolum,
1753 1320 1974 1392 mulier,

118 1431 336 1478 mortuo
377 1418 497 1477 viro
542 1439 671 1489 suc,
707 1417 778 1476 ab
807 1417 927 1476 eius
973 1416 1046 1475 sit
1087 1415 1208 1496 lege
1252 1415 1466 1487 soluta,
1503 1429 1556 1475 et
1586 1416 1834 1475 nubendi
1880 1416 1971 1476 cui

117 1514 252 1573 velit
296 1525 503 1571 tantum
552 1514 611 1571 in
652 1513 910 1581 Domino,
949 1512 1182 1571 liberam
1224 1511 1430 1571 habeat
1472 1512 1817 1585 facultatem,
1855 1521 1970 1573 non'

121 1610 284 1669 debet
323 1610 520 1689 legalis
564 1609 829 1669 infamiae
866 1610 1143 1670 sustinere
1172 1609 1441 1669 iacturam
1464 1657 1476 1681 ,
1512 1631 1658 1691 quae
1688 1609 1818 1669 licet
1847 1623 1976 1691 post

120 1706 224 1765 viri
257 1705 466 1765 obitum
497 1705 642 1765 intra
684 1718 903 1788 tempus
945 1705 1129 1765 luctus
1166 1705 1408 1784 (scilicet
1448 1707 1618 1765 unius
1662 1706 1795 1765 anni
1840 1728 1972 1788 spa—

126 1801 295 1880 tium)
332 1801 529 1873 nubat,
568 1822 838 1861 concessa
881 1801 989 1861 sibi
1033 1801 1104 1860 ab
1137 1801 1400 1883 Apostolo
1443 1801 1616 1861 utitur
1657 1814 1961 1882 potestate:

118 1918 244 1956 cum
289 1898 346 1954 in
398 1896 486 1956 his
532 1898 859 1978 praesertim
903 1897 1220 1957 saeculares
1249 1896 1403 1976 leges
1446 1918 1556 1956 non
1601 1897 1974 1977 dedignentur

119 2012 308 2067 sacros
353 2013 595 2051 canones
640 1992 846 2050 imitari
895 1995 1084 2071 (69).»

238 2087 423 2147 Altera
464 2088 707 2148 conditio
750 2110 862 2169 qua
891 2088 1088 2147 saltem
1119 2087 1326 2147 alicubi
1356 2087 1688 2147 tenebantur
1716 2089 1965 2170 quicum-

121 2205 231 2264 que
272 2183 470 2243 iterum
513 2183 718 2244 vellent
754 2183 964 2243 nubere
1005 2183 1146 2244 haec
1187 2197 1334 2255 erat,
1370 2197 1431 2244 ut
1474 2206 1677 2245 novum
1722 2208 1832 2245 non
1876 2208 1967 2246 ce-

119 2280 397 2340 lebrarent
418 2281 740 2362 coniugium
763 2281 978 2363 absque
1002 2281 1352 2342 sacerdotum
1375 2295 1428 2341 et
1450 2282 1644 2363 populi
1669 2304 1970 2355 consensu,

123 2388 284 2456 prout
305 2376 662 2436 constitutum
694 2376 969 2458 reperitur
998 2377 1056 2435 in
1087 2376 1507 2458 Capitularibus
1538 2400 1731 2458 regum
1756 2379 1975 2439 franco-

241 2548 322 2598 (68)
347 2550 436 2590 Lib.
475 2552 548 2590 111.
595 2551 661 2593 tit.
700 2557 737 2592 8.
771 2551 848 2603 leg.
883 2553 916 2591 l.
953 2554 1016 2592 De
1052 2548 1254 2592 secundis
1281 2553 1487 2604 impastis,
1529 2552 1610 2592 lata
1648 2552 1784 2592 autem
1820 2551 1886 2592 lex
1920 2553 1982 2592 est

123 2613 322 2653 Eucherio
352 2617 393 2654 et
419 2614 584 2667 Syagrio
617 2618 854 2658 consulibus
871 2629 937 2658 an.
963 2624 1051 2660 383.
1073 2620 1156 2659 Lex
1188 2628 1310 2668 porro
1345 2619 1445 2658 haec
1472 2618 1551 2658 fuit
1581 2619 1765 2658 veterum
1793 2628 1980 2658 romano·

131 2689 219 2717 rum
245 2689 269 2718 a
297 2681 469 2722 Romulo
489 2682 577 2733 ipso
596 2684 831 2735 constituta,
856 2696 950 2725 cum
970 2696 1100 2725 annus
1120 2696 1312 2725 romanus
1327 2685 1468 2724 decem
1484 2685 1643 2724 tantum
1659 2684 1866 2725 mensibus
1885 2695 1979 2724 con-

126 2746 262 2785 staret.
293 2747 405 2787 Licet
434 2750 568 2789 autem
601 2753 741 2801 postea
772 2762 796 2791 a
830 2754 963 2791 Numa
992 2763 1122 2792 annus
1139 2753 1369 2803 protractus
1404 2751 1527 2792 suerit
1558 2751 1610 2792 ad
1640 2763 1799 2793 menses
1821 2751 1973 2793 duode-

127 2812 221 2861 cim,
240 2815 374 2853 tamen
397 2814 497 2854 1111111
525 2815 784 2857 immutatum
803 2819 865 2858 est
886 2817 995 2858 circa
1016 2828 1174 2858 menses
1192 2818 1331 2857 decem
1364 2818 1599 2868 viduitatis,
1621 2818 1722 2859 adeo
1756 2821 1804 2859 ut
1821 2819 1982 2870 quoties

125 2878 330 2918 invenitur
350 2890 472 2930 penes
493 2883 647 2922 veteres
666 2882 833 2922 viduam
868 2885 959 2934 post
975 2884 1112 2923 mariti
1148 2884 1305 2923 obitum
1339 2884 1477 2935 lugere
1510 2896 1582 2936 per
1609 2897 1777 2936 annum,
1813 2886 1893 2925 1100
1926 2885 1978 2926 de

129 2955 235 2985 anno
270 2957 437 2986 romano
476 2947 614 2988 decem
645 2949 844 2989 mensium
875 2951 1033 2990 tantum
1065 2950 1235 3002 intelligi
1259 2951 1419 2991 debeat.
1442 2953 1574 3003 Atque
1604 2954 1660 2992 ita
1691 2963 1753 2993 res
1784 2952 1978 3003 perdura·

124 3010 184 3049 vit
219 3011 348 3051 donec
376 3013 628 3053 Theodosius
664 3014 767 3055 duos
800 3014 994 3056 adiecerit
1023 3027 1208 3067 menses,
1243 3018 1541 3068 confeceritque
1578 3029 1729 3058 annum
1762 3018 1979 3070 integrum.

122 3076 186 3116 cf.
210 3077 406 3127 Bingham
438 3081 598 3130 Oriqz'n.
620 3080 856 3121 ecclesiast.
884 3084 984 3121 tom.
1008 3084 1076 3122 IX.
1111 3083 1186 3123 lib.
1208 3089 1271 3123 22.
1295 3095 1384 3135 cap.
1403 3091 1439 3124 2.
1472 3084 1509 3135 §.
1534 3091 1570 3125 8.

238 3144 319 3193 (69)
347 3144 436 3183 Lib.
459 3146 527 3184 lV.
545 3146 761 3186 Decretal.
785 3149 851 3186 tte.
880 3150 940 3187 De
966 3147 1169 3188 secundis
1197 3152 1366 3200 nuptiis
1385 3161 1473 3202 cap.
1496 3152 1570 3191 ult.
1591 3151 1703 3192 Idem
1724 3163 1813 3203 cap.
1836 3155 1874 3192 4.
1896 3154 1972 3192 Su·

119 3219 199 3260 per
226 3208 353 3249 illam
386 3210 488 3250 ibid.
517 3213 659 3252 statuit
687 3212 875 3254 Urbanus
909 3215 981 3254 111.
1004 3216 1128 3266 atque
1168 3215 1246 3255 hoc
1278 3217 1423 3256 merito
1442 3246 1454 3267 ‚
1492 3228 1586 3257 nam
1624 3228 1673 3257 ex
1710 3218 1835 3257 allata
1864 3218 1981 3258 Pauli

121 3275 319 3316 sententia
350 3279 559 3319 revocatae
588 3281 684 3320 sunt
725 3291 866 3321 omnes
897 3291 1050 3332 poenae
1075 3283 1115 3321 et
1135 3281 1328 3322 infamiae
1357 3294 1461 3333 quae
1491 3283 1715 3323 secundum
1738 3283 1845 3334 leges
1878 3283 1977 3323 civi-

124 3341 182 3381 les
212 3342 373 3383 mulieri
410 3344 587 3386 secundo
624 3346 795 3387 nubenti
831 3346 1147 3399 infligebantur;
1176 3348 1351 3388 maxime
1377 3349 1412 3388 si
1440 3350 1546 3389 infra
1573 3351 1733 3401 tempus
1760 3349 1907 3401 luctus,
1936 3349 1980 3389 id

122 3410 183 3447 est
209 3409 313 3450 infra
342 3421 492 3451 annum
515 3443 527 3463 ,
553 3414 624 3452 aut
651 3412 758 3453 infra
784 3413 925 3454 decem
970 3425 1127 3454 menses
1166 3414 1349 3455 nuberet.
1380 3415 1486 3456 Hinc
1514 3416 1762 3456 Plutarchus
1789 3416 1830 3455 in
1858 3417 1978 3456 Anto-

125 3474 192 3515 nio
220 3476 360 3528 refert,
390 3479 600 3520 Octaviam
628 3490 809 3521 sororem
829 3481 999 3532 Augusti
1034 3480 1232 3532 Caesaris,
1261 3482 1425 3522 senatus
1448 3483 1652 3533 consulto,
1674 3484 1714 3523 et
1740 3483 1982 3524 auctoritate

123 3541 408 3596 dispensatam,
428 3548 474 3586 ut
501 3546 588 3588 iure
614 3549 749 3598 posset
774 3550 828 3589 M.
854 3549 1029 3590 Antonio
1049 3548 1200 3590 nubere
1214 3550 1309 3589 ante
1336 3549 1475 3590 decem
1496 3560 1654 3591 menses
1682 3561 1706 3589 a
1732 3549 1811 3589 viri
1835 3550 1965 3591 obitu.
