2320 4030
412 308 525 348 CAP.
556 309 612 347 11.
642 309 706 347 DE
732 306 1017 346 POLYGAMIA
1050 304 1373 345 SUCGESSIVA.
1406 305 1520 344 ΛΒΤ.
1546 304 1602 343 11.
1845 284 1917 340 97

66 404 177 465 duo
217 405 424 465 Christi
456 417 621 474 sunt,
662 404 772 462 duo
807 423 1030 483 quoque
1065 401 1168 458 viri
1208 402 1360 470 sint,
1405 414 1458 459 et
1495 400 1638 458 duae
1678 421 1911 458 uxores:

67 503 114 560 si
153 513 335 559 autem
364 523 511 559 unus
542 500 799 559 Christus
825 548 836 569 ,
871 519 1044 556 unum
1075 495 1345 555 ecclesiae
1374 510 1572 577 caput;
1610 518 1721 555 una
1750 495 1917 554 etiam

63 617 189 655 caro
236 597 344 667 sit,
395 596 640 677 secunda
691 608 875 654 autem
928 604 1240 673 respuatur.
1299 592 1460 661 Quod
1512 593 1559 651 si
1612 592 1920 651 secundum

64 692 390 772 prohibeat,
434 693 505 751 de
546 691 705 750 tertio
742 691 880 771 quid
917 688 1214 748 dicendum
1245 687 1375 747 est?
1407 689 1651 747 Primum
1682 689 1768 747 lex
1798 700 1914 758 est,

56 787 371 847 'secundum
406 788 571 847 venia
601 799 655 845 et
683 785 1062 869 indulgentia,
1101 785 1315 841 tertium
1351 785 1614 863 iniquitas
1642 808 1655 841 :
1692 784 1789 865 qui
1821 805 1921 841 au—

65 895 173 940 tem
219 881 370 941 hunc
414 902 706 939 numerum
751 879 999 950 excedit,
1050 878 1315 959 porcinus
1359 877 1523 959 plane
1568 891 1686 949 est,
1729 891 1921 959 utpote

63 999 132 1035 ne
173 977 347 1036 multa
388 977 616 1057 quidem
657 975 777 1035 vitii
818 974 1072 1056 exempla
1114 973 1329 1033 habens
1367 977 1516 1051 (75).
1551 999 1577 1029 »

184 1072 290 1131 Sed
332 1093 465 1153 prae
507 1071 705 1130 ceteris
751 1093 798 1128 s.
836 1069 1076 1129 Basilius
1119 1069 1177 1126 in
1226 1068 1418 1127 tertias
1462 1082 1516 1127 et
1558 1082 1785 1149 quartas
1820 1092 1923 1128 nu—

66 1167 210 1247 ptias
236 1167 533 1227 invehitur.
565 1165 853 1247 Siquidem
884 1186 1094 1225 canone
1117 1166 1175 1222 L.
1212 1163 1483 1245 epistolae
1508 1163 1809 1222 canonicae
1840 1165 1912 1221 ll.

62 1262 134 1321 ad
177 1261 624 1343 Amphilochium
666 1262 743 1320 ita
778 1260 1097 1320 constituit:
1151 1285 1178 1315 «
1207 1259 1522 1338 Trigamiae
1552 1259 1640 1317 lex
1670 1282 1781 1319 non
1811 1273 1914 1318 est.

64 1358 249 1427 Quare
278 1356 399 1435 lege
430 1356 840 1415 matrimonium
872 1355 1093 1414 tertium
1130 1377 1239 1415 non
1273 1355 1640 1414 contrahitur.
1679 1356 1756 1414 Ac
1789 1354 1921 1412 talia

61 1453 319 1533 quidem,
366 1465 428 1511 ut
467 1452 736 1511 ecclesiae
791 1452 1211 1532 inquinamenta
1274 1451 1588 1523 habemus,
1640 1451 1737 1511 sed
1793 1472 1923 1510 con-

62 1547 512 1607 demnationibus
538 1547 780 1628 publicis
818 1570 926 1607 non
962 1547 1323 1619 subiicimuS,
1362 1562 1423 1606 ut
1455 1547 1636 1607 soluta
1676 1547 1921 1606 fornica-

65 1644 212 1701 tione
248 1643 426 1721 magis
463 1642 720 1720 eligenda
757 1645 902 1720 (76).
931 1668 957 1698 »
994 1643 1063 1700 Et
1101 1643 1299 1701 iterum
1337 1643 1394 1700 in
1423 1642 1596 1701 altera
1625 1642 1792 1722 epist.
1831 1664 1923 1700 ca-

64 1738 262 1797 nonica
292 1738 506 1797 scilicet
528 1739 625 1795 IlI.
665 1738 734 1797 ad
759 1738 1024 1810 eundem,
1060 1761 1183 1797 can.
1215 1739 1417 1796 LXXX.
1461 1764 1487 1794 «
1506 1737 1915 1820 polygamiam,

63 1833 265 1913 inquit,
312 1845 498 1912 patres
521 1832 741 1892 silentio
774 1834 1293 1914 praetermiserunt,
1321 1847 1382 1891 ut
1410 1833 1716 1891 belluinam
1734 1882 1746 1904 ,
1775 1855 1924 1914 pror—

59 1948 271 2006 susque
306 1926 376 1985 ab
420 1927 708 1986 hominum
747 1950 954 2006 genere
991 1928 1249 1986 alienam.
1299 1929 1381 1986 Ea
1422 1941 1606 1986 autem
1646 1927 1810 1987 nobis
1840 1929 1923 1988 vi-

57 2021 216 2079 detur
256 2034 546 2102 peccatum
596 2043 723 2080 esse
761 2022 1123 2082 fornicatiOne
1165 2023 1369 2082 maius.
1407 2022 1763 2103 Quapropter
1791 2045 1923 2083 con-

55 2128 382 2174 sentaneum
414 2128 500 2175 est
535 2137 631 2175 eos
663 2116 866 2175 subiici
904 2116 1246 2187 canonibuS,
1287 2129 1348 2176 ut
1378 2117 1593 2176 scilicet
1622 2131 1920 2200 postquam

58 2230 204 2268 anno
247 2209 526 2281 fleverint,
569 2222 623 2269 et
659 2210 837 2270 tribus
891 2210 1158 2271 substrati
1203 2211 1408 2270 fuerint
1436 2260 1447 2283 ‚
1480 2212 1562 2271 sic
1606 2213 1923 2295 suscipian-

66 2315 155 2362 tur
191 2305 337 2382 (77).
371 2329 398 2360 »

178 2401 294 2458 Iam
323 2422 453 2461 vero
484 2402 587 2462 hos
628 2417 813 2484 patres
843 2425 909 2463 ex
941 2426 1128 2465 amore
1163 2427 1274 2486 quo
1307 2405 1628 2465 ferebantur
1658 2406 1715 2464 in
1753 2407 1922 2465 casti-

61 2505 224 2552 tatem
245 2516 309 2554 ac
330 2496 660 2557 caelibatum
692 2499 1099 2579 reprehendere
1130 2502 1316 2581 potius
1344 2502 1422 2559 ita
1446 2501 1718 2560 nubentes
1750 2522 1918 2581 quam

61 2590 275 2665 nuptias
303 2590 457 2670 ipsas
481 2592 610 2652 inde
641 2607 823 2674 patet,
855 2594 1005 2676 quod
1032 2608 1300 2675 perpetuo
1342 2596 1610 2654 insistant
1639 2596 1696 2652 in
1729 2595 1921 2654 incon-

64 2680 292 2739 tinentia
350 2683 673 2745 huiusmodi
718 2688 836 2747 sive
888 2690 1179 2761 virorum,
1229 2690 1347 2748 sive
1384 2689 1711 2760 mulierum,
1767 2690 1917 2769 quod

63 2775 311 2833 animum
341 2791 534 2855 gerant
554 2780 611 2837 in
634 2780 927 2841 libidinem
958 2783 1218 2842 effusum.
1247 2785 1392 2841 Sane
1423 2797 1748 2863 argumenta
1772 2806 1919 2865 quae

63 2869 344 2948 proferunt
386 2872 661 2933 eiusmodi
705 2890 864 2948 sunt,
905 2890 967 2935 ut
1004 2877 1052 2936 si
1088 2900 1283 2958 presse
1314 2892 1643 2959 urgerentur
1673 2902 1783 2940 non
1814 2881 1917 2938 mi-

61 2985 166 3021 nus
220 2964 503 3026 afficerent
554 2970 744 3029 tertias
801 2984 855 3030 et
907 2984 1135 3053 quartas
1186 2972 1590 3055 ulterioresque
1642 2976 1870 3056 nuptias
1900 3025 1911 3047 ‚

54 3080 223 3137 quam
261 3063 571 3134 secundaS,
614 3087 756 3145 quas
796 3079 978 3125 tamen
1015 3090 1080 3127 ex
1118 3069 1285 3128 venia
1328 3083 1382 3128 et
1416 3070 1765 3150 indulgentia
1797 3094 1916 3152 per-

57 3154 197 3214 mitti
228 3155 369 3216 ultro
405 3158 703 3219 affirmant.
748 3160 952 3222 Oculos
993 3176 1277 3244 praeterea
1314 3158 1607 3225 intendunt
1647 3168 1706 3224 in
1746 3167 1915 3226 eccle-

56 3248 172 3309 siae
213 3250 566 3334 disciplinam
613 3256 943 3317 severiorem
988 3281 1118 3338 erga
1161 3261 1425 3340 trigamos
1470 3276 1524 3322 et
1578 3275 1913 3342 tetragamos

175 3435 257 3485 (75)
286 3439 405 3477 orac.
436 3441 578 3480 XXXI.
609 3444 711 3494 opp.
742 3442 806 3483 ed.
838 3445 967 3484 Paris.
1005 3450 1114 3486 1630.
1144 3448 1261 3486 Toni.
1292 3449 1325 3487 1.
1357 3459 1447 3499 pag.
1480 3454 1567 3491 301.

174 3499 258 3551 (76)
286 3503 412 3554 Epist.
440 3505 505 3545 ed.
537 3508 667 3548 Maur.
696 3510 871 3549 CXCIX.
903 3521 993 3562 pag.
1028 3515 1116 3552 297.

175 3565 257 3616 (77)
285 3568 410 3619 Epist.
441 3571 621 3613 CCXVII
632 3605 637 3612 .
672 3584 761 3625 pag.
794 3580 882 3616 329.

160 3657 173 3695 J
183 3657 222 3696 ll
1743 3675 1766 3712 7
