2320 4030
368 224 443 278 34
652 242 749 279 LIB.
789 240 863 278 111.
901 238 1042 277 SECT.
1083 238 1117 275 Ι.
1155 238 1220 276 DE
1252 239 1407 276 MATR.
1440 239 1641 278 Cflffls'r.
1678 241 1919 281 UMTATE,

1060 387 1372 433 ARTICULU
1375 389 1405 432 S
1440 387 1522 431 111.

372 512 654 574 Polygamia
690 507 979 555 simultanea
1016 509 1116 554 iure
1146 507 1312 554 divino
1345 509 1553 569 positivo
1589 513 1700 556 ante
1721 508 2039 571 Evangelium
2072 511 2212 560 abso⁰

490 593 585 639 tute
621 591 769 637 vetita
806 603 902 636 non
946 602 1085 650 posse
1124 589 1219 636 dici
1262 589 1489 651 videtur,
1543 603 1630 637 nec
1691 591 1891 651 proinde
1939 596 2209 641 necessaria

485 672 651 719 divina
683 670 1002 732 dispensatiO,
1038 675 1091 718 ut
1130 675 1343 717 veterum
1375 670 1653 733 polygamia
1674 684 1703 718 a
1723 673 1923 719 crimine
1946 677 2212 722 contraius

484 753 703 800 naturale
739 753 812 800 vel
846 752 1067 800 divinum
1101 751 1407 799 defendatur.

481 884 726 943 Inficiari
756 905 865 942 non
899 904 1199 963 possumus
1234 880 1631 963 polygamiam,
1668 905 1813 964 quae
1837 883 2080 944 obtinuit
2110 887 2219 967 pri-

357 982 567 1041 maevis
613 979 956 1061 temporibus
977 1028 989 1051 ,
1027 978 1230 1038 deinde
1259 1000 1389 1037 vero
1421 977 1526 1036 sub
1557 977 1679 1058 lege
1709 981 1957 1039 mosaica
1978 1030 1989 1052 ,
2028 982 2217 1040 minus

357 1077 531 1137 fuisse
554 1077 893 1137 conformem
918 1076 1142 1136 divinae
1165 1074 1501 1133 matrimonii
1530 1074 1886 1148 institutioni,
1905 1078 2219 1158 quinimmo

355 1174 426 1233 ab
456 1196 522 1233 ea
559 1173 910 1243 declinasse3
960 1186 1077 1232 tum
1121 1171 1287 1231 etiam
1334 1192 1444 1230 non
1490 1171 1797 1252 quamlibet
1841 1174 2215 1255 polygamiam

356 1271 532 1331 fuisse
586 1270 919 1352 permissam
950 1318 961 1340 ,
1033 1268 1133 1327 sed
1184 1291 1302 1327 eam
1355 1267 1531 1327 solam
1572 1317 1585 1340 ,
1651 1291 1796 1350 quae
1846 1270 1990 1329 intra
2042 1284 2217 1331 certos

357 1368 529 1440 fineS‚
567 1390 632 1427 ac
663 1366 1003 1449 quibusdam
1040 1365 1145 1425 sub
1189 1366 1607 1425 conditionibus
1646 1365 1898 1425 iniretur,
1938 1368 2000 1426 ld
2034 1369 2214 1428 solum

354 1463 593 1523 dicimus
620 1462 828 1521 nullam
852 1485 1115 1544 expresse
1138 1461 1316 1541 legem
1342 1485 1373 1520 a
1390 1463 1504 1521 Deo
1527 1462 1713 1521 datam
1737 1462 1912 1523 fuisse
1936 1487 2047 1545 qua
2064 1466 2216 1548 poly-

351 1561 535 1640 gamia
570 1572 867 1629 vetaretur,
892 1560 967 1618 ita
991 1572 1051 1618 ut
1075 1558 1227 1617 nullo
1266 1558 1323 1616 in
1359 1579 1492 1618 casu
1527 1558 1742 1640 absque
1773 1559 1963 1618 divina
1994 1560 2218 1642 dispen-

352 1657 567 1715 satione
610 1656 761 1715 licita
806 1656 1003 1726 fuerit,
1050 1677 1114 1714 ac
1163 1656 1239 1714 rei
1291 1655 1527 1715 violatae
1570 1654 1713 1735 legis
1757 1656 1978 1716 divinae
2021 1657 2216 1717 extite-

354 1754 461 1810 rint
490 1766 763 1834 quotquot
806 1751 959 1810 illam
1005 1752 1514 1833 frequentaverunt.

472 1849 624 1908 Haec
662 1849 933 1919 assertio,
969 1862 1030 1907 ut
1062 1862 1239 1929 patet,
1278 1871 1427 1909 mere
1470 1850 1661 1907 critica
1704 1862 1821 1919 est,
1872 1862 2040 1930 atque
2084 1873 2212 1932 spe-

351 1946 622 2016 culativa,
659 1967 805 2026 quae
841 1944 1054 2003 nullum
1101 1944 1284 2003 locum
1330 1958 1457 2025 post
1499 1944 1877 2024 evangelicam
1908 1945 2116 2024 legem,
2154 1961 2215 2006 ut

349 2043 616 2123 deinceps
674 2041 1031 2101 ostendemus
1063 2089 1074 2111 ,
1126 2040 1333 2100 habere
1378 2055 1592 2122 potest3
1643 2055 1811 2122 atque
1856 2042 2211 2124 potissimum

350 2160 414 2197 eo
458 2150 705 2219 spectat,
754 2149 814 2195 ut
856 2136 1099 2195 validius
1147 2136 1431 2195 refellatur
1474 2137 1773 2208 CalvinuS‚
1824 2138 2059 2219 eiusque
2104 2140 2211 2198 hac

349 2235 407 2291 in
443 2257 501 2293 re
537 2232 754 2293 assecla
799 2246 850 2291 et
892 2233 1272 2314 patrocinator
1316 2232 1579 2314 Baylius,
1630 2234 1726 2315 qui
1770 2234 1977 2293 vellent
2021 2237 2211 2295 tradu-

349 2352 472 2390 cere
515 2328 862 2411 patriarchas
906 2351 1029 2389 reos
1073 2328 1265 2388 violati
1312 2351 1422 2388 non
1477 2329 1665 2388 minus
1719 2331 1989 2390 naturalis
2040 2354 2207 2412 quam

471 2522 774 2603 Loquimur
816 2543 978 2603 porro
1023 2521 1092 2579 de
1140 2521 1260 2601 lege
1305 2543 1588 2602 eoeqiressa,
1627 2544 1772 2602 quae
1808 2522 1937 2581 data
1975 2523 2211 2603 positive

348 2640 381 2676 a
409 2617 526 2676 Deo
557 2617 720 2677 suerit
749 2616 819 2675 ad
849 2615 1146 2677 vetandam
1192 2616 1570 2698 polygamiam
1619 2617 2040 2687 simultaneam;
2079 2640 2208 2676 nam

347 2735 507 2772 nemo
538 2713 756 2772 inficias
790 2711 915 2783 ibit,
947 2734 1165 2794 nosque
1195 2712 1425 2793 saepius
1457 2712 1873 2783 adstruximus,
1911 2713 2202 2794 implicite,

346 2824 406 2869 ut
447 2811 635 2881 aiunt,
684 2832 808 2869 eam
852 2809 1030 2890 legem
1074 2810 1351 2869 contineri
1396 2810 1453 2868 in
1499 2810 1625 2891 ipsa
1667 2811 1974 2890 originaria
2017 2812 2207 2870 matri-

347 2906 517 2965 monii
567 2906 953 2976 institutione,
1004 2929 1150 2988 quae
1203 2907 1463 2988 praebuit
1520 2908 1940 2967 fundamentum
1985 2907 2207 2966 Christo

344 3002 579 3061 Domino
597 3050 608 3072 ,
636 3015 698 3060 ut
719 3003 1134 3061 matrimonium
1159 3004 1230 3060 ad
1255 3004 1666 3082 monogamiam
1699 3016 2006 3073 revocaret,
2045 3018 2206 3083 prout

346 3098 625 3178 primitiva
668 3098 1007 3158 matrimonii
1053 3098 1329 3158 institutio
1374 3098 1716 3178 postulabat.

466 3192 635 3252 Hisce
676 3193 752 3251 ita
794 3192 1139 3273 explanatiS,
1190 3193 1565 3274 polygamiam
1604 3194 1748 3251 intra
1791 3208 1970 3254 certos
2016 3196 2193 3266 fincS,

345 3290 495 3348 iuxta
538 3288 804 3359 dicenda,
854 3287 1044 3347 divino
1090 3287 1330 3368 positivo
1375 3288 1495 3347 iure
1539 3288 1850 3369 antiquitus
1883 3312 1991 3349 non
2024 3291 2199 3350 fuisse

463 3469 545 3519 (78)
572 3469 768 3509 calvinus
794 3469 870 3509 loc.
893 3469 960 3509 cit.
983 3469 1102 3518 Bayle
1126 3470 1343 3508 Dictiorm.
1366 3470 1551 3519 critique
1577 3470 1617 3507 ct
1640 3467 1790 3507 histor.
1815 3471 1887 3508 art.
1918 3474 2025 3508 Sara
2059 3472 2139 3508 not.
2166 3473 2191 3508 1.

348 3536 444 3573 ltcni
482 3535 522 3573 in
557 3537 631 3575 art.
657 3537 786 3585 Aqar.
