2320 4030
286 222 398 262 mr.
418 219 492 260 vi.
515 219 578 260 ni:
604 203 910 260 nissssmrn.
939 203 1074 268 um,
1105 216 1209 258 Nou
1237 215 1506 257 consumi.
1531 204 1648 255 mr.
1675 202 1746 255 1'v‘.
1841 190 1952 255 ‘517

225 320 416 378 Cetera
459 339 601 399 quae
644 312 987 376 adiiciuntur
1028 328 1353 394 argumenta
1397 303 1604 373 nullam
1641 302 1844 372 seriam
1876 309 1957 372 fa-

104 415 259 474 ciunt
300 413 704 472 difficultatem.
741 412 957 471 Etenim
996 410 1145 492 quod
1177 410 1414 470 solubile
1444 410 1553 493 dici
1585 409 1960 492 deberet'conmv

103 511 316 589 iugium
359 523 570 578 ratum,
622 509 666 565 si
713 530 849 567 rom.
887 507 1170 566 Pontificis
1206 506 1532 565 auctoritate
1565 505 1702 565 solvi
1738 517 1951 586 posset,

103 604 323 662 nullum·
354 615 439 662 est
479 602 896 661 inconveniens,
957 602 1026 659 Et
1070 623 1205 660 sane
1248 623 1295 659 s.
1342 601 1583 660 Thomas
1629 599 1961 660 dissolubile

102 699 238 757 dicit
267 697 681 757 matrimonium
725 684 907 756 ratum
942 697 1221 757 scribens:
1263 696 1374 753 «Et
1404 694 1528 756 ideo
1562 717 1663 754 nec
1686 696 1962 755 omnimoe

102 793 230 851 dam
272 790 774 850 indivisibilitatem
820 791 987 851 habet
1034 793 1219 870 (123).
1255 815 1281 846 »
1341 791 1411 848 Et
1454 790 1535 849 sic
1578 791 1674 849 alii
1718 791 1959 871 theologi

103 887 337 967 passim.
387 886 640 944 Ceterum
688 886 746 943 in
790 886 897 945 hoc
940 887 1215 967 quaedam
1251 886 1384 944 latet
1426 886 1845 968 aequivocatio;
1885 887 1963 972 8ἰῇ

103 982 331 1062 quidem
375 981 791 1039 matrimonium
835 994 1016 1040 ratum
1059 994 1272 1062 potest,
1323 981 1433 1040 imo
1465 994 1518 1040 et
1549 981 1660 1040 dici
1691 981 1854 1040 debet
1884 982 1964 1039 in*

104 1064 434 1134 dissolubile
477 1088 593 1133 tum
637 1064 851 1135 ratione
893 1078 1014 1147 sui,
1057 1077 1173 1136 sive
1223 1077 1293 1134 ab
1337 1077 1667 1148 intrinseco,
1718 1089 1833 1135 tum
1877 1076 1964 1134 di—

106 1171 409 1252 spositione
434 1170 625 1229 divina
648 1172 922 1250 generali,
953 1173 1071 1231 sive
1100 1172 1169 1231 ab
1202 1173 1538 1242 extrinseco;
1576 1183 1818 1231 attamen
1849 1171 1961 1230 dici

106 1278 288 1347 potest
318 1254 651 1324 dissolubile
683 1256 1052 1347 dispositione
1081 1266 1304 1337 divina,
1341 1278 1543 1347 nempe
1561 1266 1632 1324 ab
1655 1255 1965 1326 extrinseco

106 1384 204 1443 per
238 1361 553 1440 ingressum
596 1360 826 1419 alterius
869 1362 1122 1441 coniugis
1168 1362 1221 1419 in
1270 1348 1589 1440 religionem
1634 1373 1687 1419 'et
1731 1383 1830 1440 per
1878 1360 1965 1419 di—

107 1456 516 1538 spensationem
553 1457 927 1538 pontificiam,
976 1457 1410 1516 extraordinaria
1440 1456 1510 1515 ad
1543 1457 1600 1513 id
1631 1456 1836 1515 tributa
1865 1479 1964 1516 au-

46 1605 49 1607 .
107 1551 356 1610 ctoritate
398 1573 510 1631 qua
551 1550 724 1608 utitur
768 1551 1015 1610 Pontifex
1044 1565 1105 1610 ut
1141 1551 1347 1610 Christi
1377 1551 1651 1622 vicariUS,
1694 1552 1845 1631 gravi
1874 1553 1964 1609 in—

108 1646 444 1705 terveniente
461 1667 651 1717 causa3
677 1648 723 1705 si
743 1646 844 1706 hos
870 1669 1034 1706 casus
1058 1647 1323 1727 excipiaS,
1344 1669 1446 1705 nec
1461 1647 1726 1734 coniuges
1751 1647 1966 1730 privata

108 1742 458 1812 auctoritate,
509 1764 608 1800 nec
642 1742 786 1800 alius
822 1743 1104 1824 quispiam
1142 1743 1257 1802 ullo
1301 1743 1357 1800 in
1400 1764 1537 1801 casu
1569 1755 1806 1822 possunt
1835 1764 1967 1802 con-

106 1837 321 1915 iugium
347 1848 523 1896 ratum
548 1836 869 1896 dissolvere.
900 1838 967 1894 Et
989 1859 1057 1896 en
1088 1837 1366 1919 quomodo
1396 1836 1502 1895 bac
1532 1837 1752 1896 sublata
1782 1837 1968 1917 aequi-

106 1933 412 2002 vocatione,
444 1932 544 1991 rite
566 1932 754 1992 omnia
783 1946 1204 2015 componantur,
1227 1946 1280 1992 et
1302 1954 1413 2014 quo
1437 1955 1607 1992 sensu
1631 1933 1689 1989 in
1712 1933 1968 1992 confesso

108 2029 180 2087 sit
222 2028 373 2108 apud
415 2043 606 2086 omnes
650 2028 1064 2087 matrimonium
1107 2050 1233 2087 esse
1276 2027 1600 2098 insolubile,
1638 2041 1692 2086 et
1723 2048 1965 2109 quonam

108 2145 278 2182 sensu
320 2124 485 2182 etiam
531 2122 765 2182 solubile
812 2123 920 2181 dici
960 2138 1146 2203 queat.
1611 2113 1614 2116 ⁴

228 2218 442 2277 Exinde
484 2219 779 2299 responsio
815 2219 938 2277 fluit
981 2219 1053 2277 ad
1098 2219 1157 2277 id
1195 2220 1345 2301 quod
1380 2220 1450 2279 de
1479 2220 1702 2279 vinculo
1729 2221 1843 2279 voti
1874 2233 1971 2280 aut

109 2314 403 2374 iuramenti
428 2313 676 2384 additur,
707 2314 855 2395 quod
880 2336 1005 2373 cum
1029 2315 1209 2396 possit
1231 2338 1265 2374 a
1288 2337 1507 2375 summo
1531 2316 1801 2375 Pontifice
1830 2315 1969 2376 solvi

110 2432 208 2491 per
249 2409 757 2490 dispensationem,
809 2409 1014 2469 idcirco
1058 2409 1294 2469 solubile
1335 2399 1578 2481 dicatur3
1615 2432 1745 2469 nam
1773 2410 1970 2470 eadem

109 2504 249 2563 ratio
290 2503 441 2588 valet.
478 2515 587 2562 tam
626 2524 725 2584 pro
758 2502 1034 2563 solutione
1063 2504 1174 2563 voti
1207 2526 1272 2563 ac
1303 2504 1632 2574 iuramenti,
1670 2526 1839 2584 quam
1869 2525 1970 2586 pro

111 2596 385 2658 solutione
415 2597 754 2656 matrimonii
788 2597 922 2667 rati,
965 2612 1091 2658 cum
1117 2598 1316 2657 horum
1347 2598 1614 2678 obligatio
1649 2599 1723 2658 sit
1753 2598 1823 2658 de
1852 2599 1973 2657 iure

111 2692 321 2763 divin03
350 2690 564 2751 scilicet
585 2703 783 2752 natura
806 2713 909 2751 sua
932 2704 1063 2750 sunt
1093 2692 1443 2764 insolubilia;
1473 2704 1529 2751 at
1559 2692 1821 2752 solubilia
1843 2705 1976 2752 sunt

113 2799 383 2868 potestate
425 2810 459 2846 a
498 2787 613 2845 Deo
656 2787 1090 2858 communicata,
1127 2800 1188 2847 ut
1218 2810 1395 2868 nuper
1432 2789 1745 2869 expositum
1790 2787 1975 2847 decla-

114 2894 408 2963 ratumque
451 2892 555 2939 est.

234 2978 355 3037 Non
398 2976 559 3035 video
604 2999 776 3059 quare
806 2999 872 3036 ex
905 2999 968 3037 eo
1003 2976 1154 3058 quod
1189 3000 1298 3037 non
1330 2977 1508 3059 possit
1540 2988 1803 3037 'romanus
1835 2979 1976 3037 Pon-

115 3071 247 3131 tifex
276 3083 543 3143 statuere,
579 3083 640 3130 ut
663 3071 1075 3131 matrimonium
1106 3085 1285 3131 ratum
1317 3072 1659 3132 dissolvatur
1685 3094 1784 3154 per
1812 3071 1973 3154 [aliud

116 3166 265 3246 quod
287 3166 452 3229 fuerit
473 3180 939 3238 consummatum,
967 3167 1167 3226 inferat
1188 3165 1413 3249 Sylvius
1439 3169 1536 3249 qui
1561 3168 1664 3227 hoc
1688 3166 1968 3247 proponit,

114 3283 226 3320 -non
262 3283 428 3342 posse
458 3284 737 3321 summum
778 3262 1098 3322 Pontificem
1132 3284 1232 3343 per
1263 3262 1737 3344 dispensationem
1783 3262 1975 3319 matri-

119 3351 364 3416 monium
388 3370 566 3416 ratum
590 3357 822 3417 solvere.
842 3358 904 3416 In
922 3358 1117 3440 primis
1141 3356 1385 3419 absurda
1400 3358 1618 3419 videtur
1640 3356 1971 3438 hypothesis

239 3513 345 3563 (123)
372 3514 511 3565 Suppl.
535 3520 568 3555 3.
596 3525 678 3566 par.
699 3515 853 3565 quaest.
874 3521 936 3556 61.
960 3526 1017 3555 ar.
1043 3521 1078 3555 2.
1104 3514 1154 3554 ad
1174 3521 1210 3553 3.
