2320 4030
368 206 441 263 66
650 224 752 263 Lm.
791 221 868 261 111.
908 217 1052 259 sacr.
1091 217 1128 257 1.
1167 217 1232 256 DE
1277 217 1434 258 MATR.
1467 217 1671 260 cnmsr.
1701 219 1941 262 UNITATE.

365 324 585 384 vivente
621 320 807 380 adhuc
839 318 1042 376 Severa
1077 338 1179 377 nec
1200 338 1267 376 ea
1292 316 1615 398 repudiata,
1653 317 1925 378 Iustinam
1954 319 2229 400 virginem

364 418 541 479 duxit.
579 416 669 475 Sic
712 413 862 472 enim
906 435 1022 472 rem
1067 426 1236 474 totam
1284 414 1451 474 refert
1496 414 1788 474 Socrates:
1833 417 2080 496 «Legem
2110 439 2143 477 a
2173 440 2236 478 se

371 511 815 593 (Valentiniano)
845 509 1111 570 dictatam
1144 511 1370 592 publice
1400 533 1500 593 per
1531 512 1802 591 singulas·
1822 513 2073 574 civitates
2105 534 2237 596 pro-

364 610 581 692 posuit,
617 620 679 666 ut
716 608 895 668 cuivis
940 607 1131 668 liceret
1174 609 1315 668 duas
1362 609 1529 668 simul
1575 631 1776 669 uxores
1822 609 2102 690 legitimas
2133 612 2237 672 ha-

362 708 514 766 bere.
543 705 612 764 Et
647 704 737 764 lex
771 704 1000 786 quidem
1049 705 1122 764 ita
1164 705 1452 787 proposita
1493 719 1597 765 est.
1638 707 1767 786 Ipse
1799 729 1929 766 vero
1961 708 2235 768 Iustinam

365 800 525 860 duxit
544 821 799 872 uxorem,
830 822 896 860 ex
920 823 1033 882 qua
1053 801 1407 860 Valentinum
1431 801 1704 861 iuniorem
1730 802 1981 883 suscepit
2001 805 2233 881 (163).»

360 899 606 968 Verum,-
657 910 1049 979 praeterquam
1093 897 1243 979 quod
1289 896 1569 956 eiusmodi
1614 898 2011 958 documentum
2058 898 2237 959 eccle-

363 993 658 1055 siasticum
700 1016 811 1054 non
855 1008 970 1067 est,
1021 994 1121 1053 sed
1167 1016 1316 1053 mere
1358 993 1651 1075 profanum
1684 1043 1696 1067 ,
1747 996 1897 1077 quod
1953 996 2120 1055 etiam
2180 996 2238 1055 in

364 1091 668 1174 hypothesi
716 1091 788 1150 de
833 1091 957 1151 eius
1007 1091 1240 1151 veritate
1288 1112 1541 1150 normam
1591 1091 1860 1173 praebere
1904 1115 2016 1152 non
2059 1106 2242 1175 potest

365 1187 709 1248 christianae
754 1188 1074 1260 doctrinae,
1117 1187 1164 1247 si
1202 1187 1273 1246 ad
1313 1187 1533 1246 critices
1586 1187 1883 1247 severioris
1928 1188 2110 1248 lucem
2154 1211 2241 1248 re-

363 1297 593 1346 vocetur
637 1284 760 1343 eius
805 1283 1024 1343 falsitas
1070 1298 1259 1364 aperte
1303 1306 1364 1343 se
1407 1283 1611 1364 prodit.

488 1379 666 1462 quue
717 1379 1049 1440 conficimus
1101 1379 1445 1459 argumentis
1490 1378 1970 1439 ineluctabilibus,
2021 1380 2241 1440 Etenim

365 1479 422 1535 1.
453 1489 663 1536 certum
701 1491 786 1537 est
822 1478 1103 1537 Socratem
1139 1478 1433 1559 deceptum
1468 1476 1646 1535 fuisse
1681 1476 1737 1534 in
1776 1498 1841 1536 eo
1881 1477 2032 1558 quod
2077 1477 2244 1537 refert

364 1574 435 1634 de
475 1573 642 1634 ducta
687 1597 721 1633 a
758 1574 1152 1635 Valentiniano
1196 1574 1413 1634 lustina
1455 1573 1702 1654 virgine,
1754 1595 1882 1634 cum
1927 1588 2143 1634 constet
2172 1596 2239 1633 ex

364 1671 585 1732 Sozimo
612 1671 883 1752 scriptore
913 1672 1138 1732 ethnico
1161 1684 1215 1731 et
1237 1671 1587 1752 synchrono,
1619 1670 1776 1729 illam
1802 1671 1980 1730 fuisse
2011 1693 2239 1731 uxorem

365 1768 668 1848 Magnentii
699 1770 885 1847 (164).
907 1771 962 1827 2.
984 1768 1207 1828 Certum
1239 1781 1324 1827 est
1354 1768 1494 1828 adeo
1517 1767 1965 1827 Valentinianum
1991 1769 2061 1827 ab
2085 1769 2243 1828 eius-

366 1866 516 1925 modi
554 1866 908 1949 polygamiae
950 1866 1165 1945 ssagitio
1211 1866 1387 1925 fuisse
1426 1866 1707 1935 alienum,
1744 1878 1804 1924 ut
1834 1865 1973 1924 alter
2004 1867 2245 1947 scriptor

367 1962 625 2022 ethnicus
658 1984 723 2022 ac
754 1984 866 2023 non
911 1984 1112 2043 parum
1156 1962 1344 2021 animo
1377 1963 1435 2020 in
1465 1961 1913 2021 Valentinianum
1946 1962 2199 2021 infensus
2224 2011 2237 2034 ,

369 2060 491 2120 eius
515 2059 826 2119 castitatem
852 2058 1098 2130 extollat,
1130 2080 1333 2140 nempe
1356 2058 1687 2118 Ammianus
1720 2058 2106 2128 MarcellinuS,
2143 2058 2243 2141 qui

372 2157 443 2216 de
473 2178 538 2216 eo
572 2155 798 2216 scribit:
826 2154 1029 2216 «Omni
1061 2155 1371 2236 pudicitiae
1401 2154 1553 2214 cultu
1585 2155 1737 2215 domi
1770 2168 1959 2214 castus
1991 2168 2043 2214 et
2074 2154 2239 2228 foriS,

371 2253 524 2313 nullo
568 2253 824 2332 contagio
868 2252 1245 2312 conscientiae
1286 2252 1527 2312 violatus
1571 2252 1916 2323 obscoenae,
1972 2252 2115 2310 nihil
2159 2253 2245 2310 in-

370 2364 614 2411 cestum:
663 2350 926 2432 hancque
956 2349 1027 2410 ob
1060 2372 1288 2410 causam
1324 2363 1611 2431 tamquam
1643 2350 1965 2409 retinaculis
1997 2349 2247 2430 petulan-

374 2448 509 2507 tiam
552 2447 795 2506 frenarat
840 2445 1004 2506 aulae
1044 2446 1248 2526 regalis
1286 2449 1516 2526 (165>.»
1555 2449 1610 2504 3.
1640 2446 1863 2505 Certum
1901 2459 1987 2505 est
2024 2445 2241 2504 nullum

373 2542 652 2603 eiusmodi
694 2542 835 2623 legis
880 2542 1182 2622 vestigium
1218 2542 1379 2601 ullibi
1425 2565 1725 2624 apparere,
1767 2564 1911 2624 quae
1948 2542 2243 2601 adversata

373 2640 574 2699 suisset
616 2639 835 2719 legibus
881 2652 1043 2698 antea
1086 2638 1235 2698 datis
1279 2662 1311 2698 a
1350 2639 1641 2699 Valeriano
1680 2652 1735 2698 et
1772 2638 2022 2698 Gallieno
2050 2640 2240 2716 (166),

373 2759 437 2798 ae
490 2735 694 2797 deinde
745 2758 778 2795 a
828 2736 1177 2796 Diocletiano
1229 2748 1283 2796 et
1333 2736 1671 2796 Maximiano
1717 2735 1992 2816 Augustis
2051 2737 2239 2814 (167).

491 2914 598 2966 (163)
631 2915 742 2955 Ηὶει.
758 2914 861 2954 eccl.
874 2914 944 2954 lib.
959 2917 1029 2955 IV.
1043 2926 1079 2954 c.
1099 2920 1161 2955 31.
1177 2914 1240 2955 ed.
1254 2915 1390 2955 vales.
1404 2916 1527 2967 atque
1546 2926 1594 2955 ex
1615 2916 1780 2955 Socrate
1801 2914 1842 2954 id
1861 2915 1997 2966 ipsum
2012 2914 2241 2954 retulerunt

372 2984 526 3024 Paulus
544 2982 742 3023 diaconus
756 3013 767 3034 ,
790 2985 992 3035 Zonaras,
1018 2986 1141 3034 atque
1157 2983 1424 3035 Nicephorus.

496 3051 606 3103 (164)
633 3053 749 3092 Hisc.
770 3051 841 3091 lib.
864 3053 932 3091 IV.
953 3062 989 3090 c.
1013 3056 1073 3091 19.
1093 3050 1166 3101 qui
1197 3051 1319 3090 refert
1342 3050 1674 3090 Valentinianum
1700 3050 1899 3090 minorem
1919 3049 2060 3088 natum
2078 3047 2132 3088 de
2150 3059 2246 3089 con-

374 3120 498 3170 iuqe,
515 3129 628 3171 quae
639 3120 771 3171 prius
786 3119 1039 3169 Maqnentz'o
1058 3127 1175 3158 uxor
1186 3116 1362 3167 suerat.

498 3186 606 3237 (165)
635 3187 751 3226 Hist.
774 3185 845 3226 lib.
866 3189 990 3226 XXX.
1013 3196 1102 3236 cap.
1120 3186 1190 3225 IX.

497 3251 607 3305 (166)
637 3269 656 3288 ι(
676 3255 782 3292 Ει1111
809 3252 880 3303 qui
906 3252 1008 3292 duas
1028 3251 1150 3292 simul
1174 3250 1317 3291 habuit
1340 3261 1509 3301 uxores,
1530 3250 1618 3291 sine
1636 3249 1764 3290 dubio
1784 3251 1972 3291 comitari
1993 3249 2247 3290 infamiam.»

375 3321 465 3363 Lib.
494 3327 554 3362 18.
576 3331 612 3361 c.
635 3319 702 3360 Ad
724 3319 804 3371 leq.
827 3319 919 3360 Iul.
943 3318 997 3359 de
1016 3318 1161 3359 adult.

379 3410 384 3418 ·
425 3413 427 3415 v
499 3388 609 3441 (167)
630 3389 866 3430 «Neminem
886 3387 957 3439 qui
979 3388 1055 3428 sub
1076 3387 1232 3428 ditione
1252 3387 1410 3428 romani
1431 3386 1621 3437 nominis,
1636 3385 1753 3426 binas
1773 3397 1922 3426 uxores
1940 3386 2090 3425 habere
2113 3394 2249 3435 posse,

375 3458 500 3508 vulgo
517 3458 651 3509 patet,
671 3467 799 3508 quum
819 3455 941 3496 etiam
962 3456 1003 3495 in
1023 3455 1157 3496 edicto
1180 3455 1379 3507 praetoris
1406 3454 1642 3495 huiusmodi
1663 3454 1741 3493 viri
1764 3453 1933 3494 infamia
1960 3452 2086 3493 notati
2116 3452 2242 3492 sint.»

377 3526 472 3575 Leg.
495 3531 532 3565 2.
549 3524 653 3565 Cod-
674 3527 732 3565 De
752 3525 926 3565 incestis
952 3525 1134 3576 nuptm.
