2320 4030
389 205 463 260 84
664 223 767 262 Lm.
805 222 884 261 111.
922 219 1066 261 saer.
1106 221 1142 260 1.
1182 222 1247 261 nn
1280 222 1438 262 MATR.
1477 222 1681 263 cumsr.
1720 225 1961 268 unmrr.

365 334 487 393 tur,
516 342 754 403 quorum
785 320 940 401 prior
971 320 1050 380 ita
1080 331 1142 381 se
1174 321 1376 382 habet:
1419 347 1446 379 «
1476 322 1603 383 Alia
1646 346 1809 385 sacra
1851 341 2082 389 coronat
2112 328 2248 388 uni-

362 417 514 489 vira,
544 416 655 475 alia
685 414 1008 488 multivir'a3
1037 430 1091 477 et
1121 440 1329 499 magna
1370 418 1643 499 religione
1693 422 2047 503 conquiritur
2092 447 2242 507 quae

364 512 527 594 plura
571 511 752 594 possit
796 511 1073 574 adulteria
1110 538 1405 575 numerare
1444 517 1634 595 (34).»
1672 517 1953 579 Posterior
1993 543 2131 582 vero>
2159 522 2244 582 sic

363 622 480 668 est:
524 634 551 664 «
593 610 705 669 Nos
749 610 1023 691 pudorem
1075 633 1188 672 non
1235 612 1413 684 facie,
1466 614 1566 672 sed
1618 627 1804 674 mente
1860 630 2240 698 praestamus,

363 707 541 766 Unius
587 707 928 768 matrimonii
959 709 1187 770 vinculo
1242 710 1467 770 libenter
1500 712 1882 773 inhaeremus.
1922 713 2253 795 Cupiditate

361 805 732 884 procreandi,
772 819 869 866 aut
910 829 1083 866 unam
1133 808 1346 867 scimus
1392 822 1488 869 aut
1536 810 1750 869 nullam
1799 814 1989 891 (35).»
2038 813 2241 871 Verum

360 922 427 960 ex
478 901 677 983 primis
730 903 919 963 verbis
957 904 1174 963 nullum
1209 917 1392 986 potest
1435 921 1827 986 argumentum
1876 908 2095 988 colligi,
2126 931 2241 991 quo

360 999 689 1081 reprobatas
713 1023 747 1060 a
777 1001 1106 1062 christianis
1136 1002 1314 1063 fuisse
1346 1003 1627 1065 secundas
1652 1006 1881 1088 nuptias
1915 1008 2207 1067 evincatur
2233 1032 2244 1079 ;

360 1118 464 1156 nec
501 1097 652 1156 enim
698 1120 766 1157 ea
816 1098 889 1158 ad
934 1099 1275 1160 christianos
1321 1100 1675 1174 referuntur,
1722 1104 1823 1162 sed
1868 1103 1940 1162 ad
1985 1104 2252 1164 ethnicos

360 1216 601 1276 quorum
649 1195 1014 1257 interlocutor
1044 1196 1313 1277 suggillat
1356 1220 1570 1270 moreS,
1608 1220 1674 1258 ac
1707 1200 2136 1281 superstitiosos
2176 1201 2253 1259 ri-

360 1307 470 1353 tus,
501 1292 604 1353 Illa
647 1306 939 1375 praeterea
979 1294 1267 1354 multivira
1312 1308 1498 1377 potest
1539 1317 1667 1355 esse
1708 1318 1859 1377 quae
1898 1296 2053 1356 iuxta
2095 1297 2253 1378 leges

362 1413 622 1450 romanas
656 1390 915 1472 pluribus
948 1392 1206 1475 nupserit
1229 1393 1446 1452 maritis
1480 1405 1607 1474 post
1630 1392 1954 1466 divortium;
1985 1416 2116 1453 nam
2148 1416 2252 1476 po-

287 1492 289 1494 ’
360 1488 607 1570 lygamia
650 1488 991 1549 simultanea
1033 1489 1254 1569 legibus
1287 1489 1401 1549 illis
1440 1512 1554 1550 non
1587 1490 2040 1573 permittebatur,
2077 1504 2139 1551 ut
2169 1492 2251 1552 vi-

357 1584 566 1644 dimus.
613 1585 760 1643 Hinc
822 1598 971 1645 recte
1015 1608 1083 1645 ea
1126 1586 1437 1646 traducitur
1483 1587 1566 1647 uti
1604 1587 1860 1647 adultera
1902 1587 1974 1648 ob
2021 1587 2253 1648 illicitas

363 1681 490 1740 eius
545 1681 971 1741 coniunctiones
1032 1681 1205 1742 immo
1269 1682 1594 1763 illegitimas
1645 1697 1699 1744 et
1741 1684 1929 1744 nullas
2002 1684 2126 1743 iure
2168 1683 2255 1743 di-

359 1776 514 1836 vino.
549 1777 633 1835 Ex
677 1776 853 1836 altero
897 1789 1083 1837 autem
1121 1791 1274 1837 textu
1320 1779 1515 1859 patefit
1558 1779 1868 1859 singularis
1914 1779 2254 1840 christiano-

358 1896 483 1932 rum
528 1896 684 1933 amor
730 1895 865 1953 erga
901 1874 1338 1949 continentiam,
1375 1898 1441 1936 ac
1480 1890 1707 1958 recepta
1753 1877 2107 1937 consuetudo
2153 1877 2254 1937 ab-

355 1969 601 2030 stinendi
648 1992 682 2029 a
722 1969 990 2029 secundis
1034 1971 1247 2051 nuptiis
1286 1972 1550 2032 defuncto
1583 1973 1849 2034 alterutro
1894 1974 2159 2054 coniuge,
2188 1988 2252 2034 ut

361 2065 532 2147 paulo
574 2078 701 2125 ante
742 2065 1275 2126 animadvertimus:
1318 2080 1375 2126 at
1408 2068 1559 2149 quod
1599 2069 1934 2130 fornicariae
1967 2070 2253 2130 haberen-

362 2177 452 2222 tur
500 2162 783 2223 secundae
826 2162 1088 2244 nuptiae,
1127 2162 1186 2221 id
1230 2185 1263 2222 a
1304 2164 1551 2225 Minucio
1596 2189 1707 2225 non
1753 2168 1979 2227 dicitur.

490 2261 780 2321 Postrema
815 2259 958 2320 haec
986 2259 1404 2322 animadversio
1436 2261 1591 2322 iuvat
1619 2277 1681 2323 ut
1712 2278 1858 2323 recte
1880 2279 2124 2325 mentem
2157 2286 2249 2324 as·-

366 2380 673 2440 sequamur
717 2356 963 2439 plurium
996 2371 1248 2417 veterum
1280 2408 1291 2431 ,
1343 2360 1441 2441 qui
1473 2359 1680 2420 adduci
1726 2359 1910 2420 solent
1952 2360 2126 2421 veluti
2165 2360 2252 2418 di·-

364 2453 585 2533 gamiae
630 2453 940 2513 adversarii
996 2454 1094 2535 qui
1140 2467 1328 2514 tamen
1387 2455 1693 2536 digamiam
1735 2478 1846 2516 non
1884 2455 2234 2538 improbant,

362 2550 463 2609 sed
491 2548 844 2609 solummodo
867 2549 1185 2609 institutum
1208 2563 1264 2609 et
1291 2552 1757 2612 consuetudinem
1779 2554 2090 2634 primorum
2104 2551 2250 2611 chri-

360 2646 674 2706 stianorum
720 2645 952 2706 laudant
996 2646 1095 2728 qui
1138 2660 1201 2706 ut
1243 2646 1549 2729 plurimum
1602 2661 1730 2731 post
1773 2649 2060 2708 interitum
2105 2648 2245 2709 alte-

359 2743 572 2802 rutrius
618 2742 876 2822 coniugis
922 2742 982 2799 in
1017 2743 1272 2803 castitate
1304 2765 1406 2804 seu
1433 2743 1709 2805 viduitate
1738 2745 2061 2818 manebant,
2101 2745 2242 2827 quin

362 2839 493 2898 aliis
540 2838 760 2919 nuptiis
807 2860 869 2898 se
913 2837 1288 2921 implicarent,
2086 2915 2091 2921 „

483 2935 572 2993 Ita
602 2935 937 3015 exponenda
968 2949 1099 2996 sunt
1127 2936 1301 2996 verba
1332 2937 1628 3020 Theophili
1662 2938 1982 2998 antiocheni
2017 2937 2115 3019 qui
2147 2938 2244 2997 ait:

367 3031 588 3112 «Apud
620 3053 763 3112 quos
802 3031 1210 3110 (christianos)
1249 3033 1409 3093 adest
1448 3034 1850 3115 temperantia,
1903 3034 2249 3094 continentia

363 3128 596 3200 colitur,
645 3129 875 3188 unicum
921 3129 1340 3189 matrimonium
1378 3125 1394 3204 (
1414 3121 1831 3209 μονογαμία)
1864 3144 2138 3204 servatur,
2162 3153 2249 3191 ca-

362 3226 627 3287 stimonia
683 3226 998 3287 custoditur
1049 3228 1172 3306 (36)
1215 3251 1242 3283 »
1279 3225 1491 3308 quibus
1546 3228 1971 3289 commendatur
2014 3229 2243 3310 quidem

483 3413 567 3464 (34)
594 3414 641 3452 In
673 3415 852 3455 Octavio
892 3424 932 3454 n.
954 3416 1017 3455 24.
1036 3413 1145 3465 apud
1167 3413 1360 3454 Galland.
1395 3413 1511 3456 Bibl.
1535 3425 1603 3467 pp.
1626 3415 1727 3455 tom.
1753 3417 1806 3455 ΙΙ.
1830 3427 1869 3466 p.
1894 3418 1986 3456 394.

486 3481 569 3532 (35)
598 3480 703 3520 thid.
734 3491 776 3521 n.
809 3486 871 3521 31.
899 3491 990 3532 pag.
1016 3486 1107 3521 399.

486 3549 567 3600 (36)
596 3548 683 3589 Lib.
720 3550 791 3589 111.
814 3547 864 3588 ad
887 3548 1073 3600 Autolyc.
1094 3547 1131 3599 §.
1165 3554 1223 3589 ¹6.
1248 3548 1361 3589 Bibl.
1383 3559 1449 3599 pp.
1474 3548 1662 3590 Gallandi
1690 3550 1790 3589 tom.
1814 3552 1864 3589 Π.
1888 3560 1977 3600 pag.
2006 3555 2095 3590 ¹28.
