2320 4030
230 262 306 320 14
510 281 610 329 Lm·
640 279 718 320 111.
753 276 895 318 secr.
924 275 963 315 1.
993 275 1057 315 ni:
1090 275 1247 316 mun.
1285 273 1487 314 cnmsr.
1526 271 1767 315 mvn-Am.

227 379 451 440 nomine
491 377 804 458 significant
844 386 1059 434 coetum
1111 372 1261 433 illius
1305 372 1719 433 communitatis
1771 371 2070 454 peculiaris

228 476 286 535 in
336 497 447 558 qua
495 473 769 556 pecudum
821 493 972 531 more
1025 470 1264 543 vivitur3
1302 491 1402 530 seu
1451 469 1638 529 verius
1689 468 2071 551 voluptatibus

222 572 485 633 omnibus
527 569 862 648 indulgetur.
1129 569 1132 571 ’

346 668 461 725 Iam
490 686 619 725 vero
649 663 923 723 eiusmodi
957 676 1135 723 sectas
1155 710 1167 734 ‚
1205 684 1303 722 seu
1333 662 1519 744 potius
1558 682 1850 743 perversos
1896 660 2074 720 homi-

225 783 326 821 nes
370 762 426 819 in
469 761 576 820 hac
618 759 891 820 sentiendi
936 759 1250 841 agendique
1294 759 1509 818 ratione
1541 758 1707 818 simul
1740 757 1848 816 iuri
1882 756 2073 816 divino

225 879 290 917 ac
331 856 568 916 naturali
612 856 837 916 omnino
881 855 1199 926 adversari,
1248 868 1466 937 praeter
1508 877 1572 914 ea
1615 877 1759 935 quae
1787 854 2068 924 diximus,

225 951 389 1011 facile
432 951 705 1012 evincitur
746 973 811 1010 ex
854 973 918 1011 eo
962 951 1112 1033 quod
1156 949 1487 1010 moralitatis
1531 971 1597 1009 ac
1641 971 1813 1009 sanae
1867 948 2077 1008 ethices

225 1048 377 1128 leges
422 1047 773 1130 proculcent,
824 1068 1018 1106 omnes
1059 1060 1303 1107 veterum
1349 1044 1752 1105 haereticorum
1797 1044 2080 1104 abomina-

226 1143 404 1203 tiones
458 1155 754 1216 renovent,
814 1143 1066 1225 adeoque
1115 1143 1372 1224 puhlic'ae
1431 1141 1710 1201 honestati
1763 1141 1967 1225 probro
2014 1164 2080 1202 ac

225 1240 483 1300 dedecori
528 1241 669 1312 sint;
706 1241 948 1323 denique
993 1239 1244 1300 mulieris
1289 1239 1451 1299 cuius
1483 1239 1982 1321 emancipationem
2016 1260 2082 1298 ac

224 1335 533 1395 libertatem
564 1337 768 1396 iactant
799 1358 997 1397 veramv
1021 1337 1378 1418 nativamque
1415 1335 1743 1415 dignitatem
1787 1335 2074 1414 deliciant.

278 1462 279 1465 ¹
347 1432 503 1502 Quae
556 1433 784 1514 quidem
836 1431 1162 1512 singillatim
1214 1433 1296 1493 sic
1339 1432 1582 1493 breviter
1634 1431 1972 1492 evolvimus:
2018 1453 2083 1491 ac

225 1528 406 1608 primo
443 1528 666 1610 quidem
699 1528 974 1587 eiusmodi
1011 1529 1269 1587 homines
1312 1528 1636 1610 proculcare
1679 1548 1873 1586 omnes
1913 1548 2083 1587 sanae

224 1623 435 1685 ethices
479 1624 627 1703 leges
673 1625 873 1683 exinde
917 1638 1160 1696 constat,
1211 1624 1363 1706 quod
1407 1636 1662 1705 receptas
1707 1623 2084 1704 omnibusque

225 1718 424 1778 insitas
449 1720 777 1778 moralitatis
804 1721 1056 1779 notiones
1082 1721 1304 1800 penitus
1330 1720 1699 1802 pessumdent
1717 1768 1730 1792 ,
1757 1721 1912 1780 iuxta
1941 1742 2084 1802 quas

223 1836 457 1874 sexuum
499 1815 815 1874 commixtio
859 1837 969 1874 non
1014 1816 1085 1875 ad
1123 1816 1455 1898 explendam
1491 1815 1784 1874 libidinem
1827 1816 2087 1876 ordinata

224 1923 337 1982 est,
376 1910 475 1970 sed
504 1924 591 1969 est
622 1909 868 1989 legitima
910 1912 1228 1974 coniunctio
1259 1911 1601 1993 quibusdam
1633 1911 1797 1971 certis
1828 1911 2086 1972 devincta

226 2004 444 2085 legibus
474 2005 651 2087 prolis
685 2006 1083 2087 suscipiendae
1119 2007 1553 2089 educandaeque
1586 2028 1785 2079 causa,
1822 2008 1921 2088 qui
1953 2006 2085 2066 finis

229 2114 383 2168 extra
425 2101 770 2182 coniugalem
817 2098 1136 2163 societatem
1181 2104 1283 2163 rite
1335 2103 1572 2163 obtineri
1633 2104 1844 2185 nequit.
1898 2103 2086 2173 Quare

229 2197 379 2278 apud
422 2219 616 2257 omnes
659 2198 884 2258 omnino
925 2212 1118 2279 gentes
1152 2198 1239 2260 vel
1282 2200 1354 2259 ab
1397 2200 1540 2281 ipsis
1586 2200 1819 2260 humani
1863 2200 2086 2279 generis

230 2293 554 2375 primordiis
588 2294 832 2374 coniugii
877 2295 1195 2355 societatem
1228 2296 1284 2355 in
1316 2318 1442 2356 eum
1475 2297 1642 2356 finem
1674 2296 1989 2355 institutam
2020 2316 2085 2355 ac

226 2402 500 2470 receptam
546 2389 825 2448 novimus.
855 2389 1005 2450 Licet
1038 2412 1169 2451 vero
1216 2391 1521 2451 nonnullae
1550 2404 1742 2471 gentes
1767 2391 1839 2450 ad
1864 2403 2084 2473 tempus

226 2484 600 2544 aberraverint
629 2484 699 2543 ab
724 2485 997 2546 eiusmodi
1031 2487 1381 2548 institutione
1416 2488 1575 2548 falsis
1615 2502 1899 2570 permotae
1928 2488 2087 2570 prin-

224 2580 434 2661 cipiis,
490 2581 803 2641 cuiusmodi
849 2583 1025 2643 fuisse
1069 2583 1313 2643 diximus
1358 2585 1761 2666 Spartiatarum
1815 2597 2036 2664 gentem
2066 2631 2078 2654 ‚

223 2696 290 2734 ea
331 2687 513 2736 tamen
558 2678 835 2737 sentiendi
880 2679 1197 2761 agendique
1231 2680 1372 2740 ratio
1409 2693 1660 2761 spectata
1683 2681 1840 2741 suita
1863 2679 2086 2763 populis

227 2771 459 2854 reliquis
500 2772 669 2833 veluti
714 2774 956 2835 deviatio
1001 2776 1277 2857 quaedam
1316 2799 1349 2836 a
1383 2777 1816 2838 connubialibus
1861 2777 2087 2836 institu-

222 2866 293 2925 tis
317 2914 332 2937 ,
380 2879 433 2926 et
483 2868 837 2948 improbata,
885 2883 945 2929 ut
987 2870 1331 2932 deviationes
1375 2867 1521 2932 aliae
1563 2895 1596 2931 a
1642 2885 1876 2932 naturae
1918 2872 2040 2950 lege
2068 2918 2080 2941 ‚

224 2962 538 3021 cuiusmodi
574 2962 796 3023 fuerunt
833 2964 1009 3036 furta,
1046 2978 1339 3046 parentum
1379 2980 1557 3028 aetate
1591 2967 1967 3027 fatiscentium
1998 2965 2084 3024 in-

221 3057 548 3137 teremptio,
585 3070 750 3138 atque
788 3058 845 3116 id
884 3081 1059 3137 genus
1105 3060 1345 3140 plurima
1386 3063 1533 3139 (17),
1564 3083 1711 3143 quae
1740 3072 1888 3119 certe
1912 3080 2085 3118 amo-

222 3152 457 3212 ralitatis
501 3175 696 3212 norma
738 3154 899 3213 foede
942 3154 1296 3215 aberrabant.
1337 3157 1659 3216 Promiscua
1694 3156 1864 3235 igitur
1893 3154 1989 3213 illa
2019 3176 2085 3213 ac

222 3269 386 3307 coeca
408 3248 773 3308 foeminarum
802 3250 1147 3322 communio,
1186 3272 1353 3332 quam
1385 3251 1479 3310 isti
1513 3250 1751 3310 suadere
1781 3272 1847 3310 ac
1876 3272 2084 3331 propu-

341 3387 423 3438 (17)
447 3389 506 3427 De
536 3387 685 3438 quibus
715 3388 957 3430 Plutarchus
991 3390 1034 3429 in
1071 3391 1278 3441 Licurqo‚
1309 3389 1463 3441 aliique
1494 3390 1644 3443 passim
1679 3391 1743 3430 Cf.
1764 3391 1921 3430 Bremia
1941 3392 2003 3429 Dc
2017 3400 2084 3440 qe-

224 3455 339 3494 nert's
372 3454 558 3495 humani
595 3465 805 3496 consensu
843 3458 889 3496 in
925 3456 1199 3508 aqnoscenda
1234 3455 1482 3498 divinitate.
1514 3457 1744 3497 Florentiae
1780 3460 1891 3497 1773.
1924 3457 2025 3496 tom.
2053 3457 2085 3494 1.

223 3522 324 3571 part.
345 3521 416 3562 alt.
437 3532 525 3574 cap.
548 3525 569 3563 7
592 3522 633 3562 et
652 3533 766 3574 seqq.
789 3523 992 3564 Nonnulla
1013 3525 1053 3564 et
1072 3534 1147 3564 nos
1168 3522 1219 3563 de
1238 3523 1302 3563 his
1323 3523 1531 3577 attigimus
1561 3523 1603 3565 in
1634 3525 1754 3565 tract.
1777 3525 1837 3564 De
1860 3531 1966 3564 vera
1985 3520 2083 3562 reli-

222 3588 346 3638 qione
378 3599 466 3640 cap.
491 3589 543 3630 Β.
566 3590 626 3629 De
644 3598 801 3631 necem.
824 3589 1007 3632 revelat.
1034 3602 1151 3643 prop.
1177 3592 1327 3642 lseqq.
