2320 4030
389 280 503 334 CAP.
535 277 570 324 1.
603 284 668 324 DE
698 276 987 324 POLYGAMIA
1019 274 1362 323 SIMULTANEA.
1392 281 1510 321 ΛΒΤ.
1539 247 1612 321 ΙΫ.
1887 254 1959 319 63

109 400 220 469 que
250 385 428 465 magis
460 396 644 444 sectae
673 383 1011 442 incrementa
1041 380 1340 441 effecerunt
1361 393 1423 440 ut
1445 380 1608 441 modo
1630 379 1688 438 in
1703 378 1962 441 America

114 482 367 564 quaestio
397 481 467 540 de
495 476 874 539 mormonibus
912 474 1017 535 sub
1054 486 1284 556 aspectu
1325 476 1585 555 religioso
1629 475 1854 558 politico
1895 496 1963 565 ac

116 577 309 636 sociali
355 593 465 635 non
509 575 632 635 sine
674 569 1047 653 sollicitudine
1087 570 1343 649 agitetur.
1381 572 1444 627 In
1474 571 1659 631 medio
1702 570 1959 631 solitudi—

117 695 250 731 num
284 671 841 747 vastissimarumque
870 666 1156 744 regionum
1176 712 1189 736 ,
1225 686 1371 745 quae
1400 666 1543 725 inter
1572 680 1788 727 montes
1820 689 1961 748 quos

117 767 399 849 appellant
431 782 659 824 saxosos
692 761 1124 842 protenduntur,
1152 761 1347 843 paucis
1383 761 1591 822 abhinc
1628 763 1791 824 annis
1822 784 1964 824 nova

117 865 268 924 natio
309 873 494 922 exorta
534 859 645 918 dici
687 869 870 939 potest
907 859 1094 936 (162),
1138 879 1283 938 quae
1318 857 1584 937 religioso
1627 858 1922 920 fanatismo
1945 908 1958 932 ,

115 957 436 1020 dominandi
465 955 729 1037 cupidine
760 976 871 1013 non
902 953 1087 1012 minus
1118 968 1286 1034 quam
1314 953 1461 1014 vitae
1489 952 1715 1014 lieentia
1750 955 1966 1015 islami-

115 1068 199 1114 tas
231 1052 557 1113 aemulatur.
588 1049 877 1131 Quidquid
908 1049 1015 1121 sit,
1047 1061 1109 1107 ut
1135 1061 1316 1130 patet,
1353 1070 1703 1109 mormonum
1733 1050 1965 1132 polyga÷

113 1149 226 1208 mia
255 1147 425 1208 armis
465 1146 649 1228 potius
688 1145 757 1204 ab
787 1145 859 1204 iis
890 1166 1124 1226 quorum
1155 1144 1387 1205 interest
1414 1163 1585 1226 quam
1621 1146 1963 1225 argumentis

116 1243 442 1322 theologicis
485 1240 893 1322 compescenda
932 1249 1039 1300 est.

233 1341 428 1419 Itaque
468 1335 848 1395 mormonibus
895 1335 1150 1407 omissis,
1199 1348 1259 1394 ut
1301 1347 1640 1395 revertamur
1689 1332 1760 1395 ad
1810 1349 1964 1397 vetu-

113 1436 313 1495 stiores
357 1432 706 1515 polygamiae
749 1431 1183 1512 patrocinatores
1219 1479 1231 1503 ‚
1279 1432 1390 1491 duo
1442 1431 1794 1514 polygamiae
1847 1454 1967 1493 mo—

112 1542 375 1588 numenta
397 1529 452 1587 in
479 1550 684 1588 causae
715 1550 850 1587 suae
879 1526 1194 1586 subsidium
1219 1527 1532 1608 proferunt,
1563 1549 1800 1608 quorum
1829 1526 1966 1587 alte-

115 1648 236 1684 rum
280 1624 483 1683 falsum
514 1645 639 1683 esse
668 1623 1014 1694 videbimus,
1049 1623 1282 1682 alterum
1328 1623 1523 1683 saltem
1567 1624 1955 1704 aequivocum.

230 1720 389 1778 Prius
430 1719 744 1778 desumitur
783 1739 851 1777 ex
893 1719 1014 1798 lege
1058 1718 1170 1777 lata
1211 1739 1245 1778 a
1285 1718 1668 1778 Valentiniano
1714 1719 1960 1791 seniore,

116 1815 382 1874 referente
412 1815 668 1885 Socrate,
705 1827 873 1896 atque
910 1837 976 1873 ex
1017 1814 1160 1874 facto
1205 1814 1388 1895 ipsius
1430 1815 1834 1887 Valentiniani,
1870 1816 1967 1898 qui

122 2018 209 2055 157.
232 2013 420 2065 femmes3
445 2014 486 2054 et
508 2015 615 2055 entin
646 2014 704 2054 les
735 2014 940 2066 employe's
962 2014 1013 2055 de
1035 2015 1140 2056 cette
1158 2013 1351 2055 chambre
1372 2026 1422 2055 au
1444 2015 1614 2056 nombre
1635 2016 1686 2056 de
1707 2021 1744 2056 5.
1760 2027 1810 2056 en
1830 2026 1964 2067 posse·

113 2079 210 2120 dent
235 2086 298 2120 22.
321 2079 453 2120 Parmi
487 2091 553 2121 ces
584 2079 765 2121 derniers
787 2091 889 2121 nous
920 2092 1184 2131 remarquons
1202 2082 1240 2121 le
1257 2082 1466 2133 chapelain
1486 2081 1559 2134 qui
1574 2093 1623 2122 en
1645 2093 1668 2122 a
1684 2082 1845 2133 jusqu’a
1860 2086 1918 2123 7.-
1937 2085 1969 2122 Α

112 2147 204 2186 tout
221 2147 307 2186 cela
325 2139 356 2185 il
377 2145 464 2186 saut
482 2145 638 2196 aj0uter
657 2146 715 2186 les
733 2151 797 2186 68.
818 2145 986 2186 femmes
1015 2146 1070 2186 du
1099 2148 1367 2187 Gouverneur
1388 2148 1580 2199 Brigham
1602 2150 1750 2200 Young
1771 2148 1785 2199 (
1806 2148 1966 2189 Summi

113 2224 256 2264 nempe
275 2224 414 2253 eorum
436 2212 638 2264 pontificis
655 2214 696 2253 et
714 2213 976 2265 prophetae.)
995 2215 1055 2253 De
1073 2214 1169 2254 telle
1187 2217 1312 2264 sorte,
1334 2221 1415 2266 que
1439 2215 1480 2255 la
1503 2215 1735 2267 legislature
1754 2217 1795 2256 et
1813 2216 1850 2256 le
1866 2226 1966 2267 pou'·

118 2280 206 2320 voir
224 2279 421 2331 executif,
442 2291 491 2319 en
513 2281 603 2320 tout
620 2283 685 2320 45.
699 2280 883 2320 hommes
898 2311 909 2331 ‚
932 2281 1045 2320 n’ont
1069 2291 1141 2332 pas
1162 2281 1296 2321 moins
1313 2281 1365 2321 de
1384 2285 1474 2323 420.
1489 2282 1699 2323 femmes.»

234 2346 338 2386 lbid.
362 2353 397 2387 5.
417 2347 533 2386 Fevr.
555 2351 666 2388 1857.
681 2347 895 2388 exhibetur
913 2348 1058 2387 harum
1078 2359 1255 2388 uxorum
1274 2348 1509 2389 distributio
1524 2380 1535 2401 ,
1555 2351 1601 2390 ut
1618 2349 1822 2401 sequitur:
1838 2349 1972 2391 Heber

116 2410 277 2453 Kimbal
295 2412 455 2453 consilii
472 2424 631 2464 praeses
650 2413 773 2453 habet
793 2424 938 2453 uxores
955 2407 1318 2455 57.·DanielWels
1335 2415 1594 2455 consiliarius
1613 2415 1735 2456 valde
1754 2415 1892 2456 luscus
1909 2420 1971 2456 19.

119 2500 132 2509 ·
150 2480 337 2521 Albertus
366 2480 637 2531 Corringhton
662 2480 847 2520 infirmus
868 2482 908 2521 et
925 2479 1095 2520 claudus
1111 2486 1176 2521 21.
1198 2500 1211 2509 -
1228 2483 1367 2532 Opson
1390 2483 1483 2522 Prat
1501 2479 1687 2523 infirmus
1706 2486 1745 2524 7.
1762 2503 1776 2512 ·
1791 2481 1971 2523 Wilford

119 2543 325 2584 Wiodroff
340 2544 510 2585 claudus
526 2551 585 2585 12.
599 2567 612 2575 -
624 2546 726 2585 Iohn
743 2546 894 2586 Stokon
915 2544 1121 2586 invalidus
1138 2546 1304 2586 8-Lorin
1319 2548 1416 2586 Farr
1431 2546 1618 2588 infirmus
1634 2548 1843 2588 25.·Laur.
1862 2549 1971 2587 Soon

123 2608 306 2649 infirmus
331 2610 583 2650 25-Leonar.
602 2611 846 2662 Narrington
873 2611 1043 2652 claudus
1064 2618 1086 2653 3
1111 2633 1124 2642 ·
1144 2611 1325 2652 Beniam.
1355 2613 1533 2653 lohnson
1561 2611 1770 2653 invalidus
1795 2614 1973 2653 4·Isaac

124 2673 277 2724 Morley
300 2685 365 2714 an.
384 2677 503 2715 natus
520 2678 584 2716 72.
603 2682 626 2717 5
640 2693 655 2706 ι
677 2677 778 2717 lohn
796 2680 883 2728 Ray
902 2684 924 2718 2
945 2699 958 2708 -
976 2680 1120 2728 Georg.
1144 2678 1276 2718 Smith
1298 2678 1485 2718 infirmus
1503 2684 1539 2719 5.

241 2739 437 2780 Membra
473 2744 707 2782 conventus
739 2743 754 2794 (
772 2744 971 2795 camera)
1003 2746 1440 2794 Repraesentantium
1474 2755 1580 2795 quae
1610 2745 1705 2785 sunt
1733 2749 1797 2785 26.
1819 2744 1972 2788 habent

127 2810 196 2847 157
212 2817 371 2846 uxores.
388 2806 576 2856 Quinque
595 2806 809 2857 officiales
828 2816 1069 2859 congressus*
1090 2810 1266 2850 retinent
1293 2820 1438 2850 uxores
1457 2816 1521 2850 22.
1540 2813 1713 2851 Demum
1729 2810 1974 2862 gubernator

124 2871 314 2922 Brigham
334 2874 502 2923 Young‚
518 2873 564 2912 ut
582 2872 776 2925 vidimus,
793 2880 856 2914 68.
877 2877 939 2914 lta
959 2885 1021 2915 res
1042 2874 1266 2926 procedunt
1284 2875 1389 2916 inter
1407 2887 1651 2917 mormones.

244 2937 350 2988 (162)
377 2940 492 2977 Anno
530 2941 640 2978 1846.
673 2949 902 2981 mormones
932 2951 983 2981 ex
1015 2943 1184 2981 Nauvoo
1216 2941 1268 2981 ad
1299 2941 1464 2983 Deseret
1500 2943 1770 2994 emigrarunt:
1806 2944 1969 2996 iamque

123 3013 228 3042 anno
249 3009 345 3043 1850
365 3013 411 3042 ea
428 3003 588 3043 colonia
606 3003 844 3054 gubernium
863 3005 973 3054 quod
991 3007 1139 3046 vocant
1159 3007 1429 3047 territoriale
1455 3007 1599 3048 habuit
1616 3007 1746 3049 ‘donec
1771 3010 1973 3061 completo

120 3069 238 3120 lagali
256 3070 492 3110 colonorum
511 3077 679 3110 numero
697 3071 711 3122 (
731 3077 875 3122 60,000
893 3071 906 3122 )
925 3072 1039 3112 iuxta
1063 3072 1170 3123 leges
1189 3074 1375 3113 statuum
1396 3074 1710 3115 Foederatorum
1727 3075 1974 3117 constituere

120 3136 247 3186 possit
276 3138 442 3176 statum
470 3136 817 3188 independentem.
835 3140 1041 3179 Hactenus
1065 3138 1263 3190 dependet
1282 3151 1306 3180 a
1326 3141 1510 3192 praeside
1530 3143 1717 3183 statuum
1733 3142 1970 3183 Foederato=

119 3213 209 3242 rum
229 3214 253 3242 a
270 3214 351 3253 quo
372 3214 396 3242 a
420 3208 530 3243 1850.
548 3204 740 3244 territorii
761 3204 1009 3255 gubernator
1039 3204 1284 3246 constitutus
1302 3207 1380 3248 fuit
1404 3207 1513 3248 idem
1535 3208 1602 3249 ille
1619 3208 1808 3259 Brigham
1824 3209 1972 3259 Young

119 3268 190 3319 qui
205 3268 256 3308 ab
272 3280 377 3309 anno
396 3272 506 3310 1844.
519 3272 611 3320 post
624 3270 843 3311 violentam
860 3273 1032 3312 mortem
1050 3272 1211 3323 Iosephi
1225 3273 1358 3313 Smith
1374 3284 1398 3313 a
1410 3274 1581 3326 collegio
1593 3276 1682 3315 XII.
1695 3275 1972 3326 apostolorum

119 3334 268 3375 electus
288 3335 418 3375 suerat
438 3337 484 3376 ut
501 3336 721 3387 prophetae
738 3348 957 3378 successor.
972 3338 1035 3379 Cf.
1055 3341 1212 3390 Harper
1241 3338 1324 3379 The
1343 3342 1564 3382 Mormons
1591 3341 1670 3382 loc.
1696 3342 1766 3381 cit.
1789 3343 1829 3381 Is
1848 3339 1972 3380 modo

115 3400 299 3451 gubernii
318 3402 493 3443 habenas
516 3404 635 3454 negat
667 3415 776 3445 novo
804 3405 1064 3456 gubernatori
1092 3406 1342 3457 relinquere,
1371 3405 1429 3447 ita
1455 3408 1502 3447 ut
1529 3407 1655 3447 armis
1675 3408 1763 3448 tota
1787 3406 1972 3457 quaestio

119 3467 281 3508 finiatur
298 3480 458 3511 necesse
478 3469 553 3511 sit:
582 3481 699 3513 secus
720 3472 951 3514 Foederatis
977 3472 1155 3515 statibus
1172 3474 1312 3525 gravia
1331 3484 1381 3515 ex
1404 3484 1662 3516 mormonum
1689 3474 1871 3527 potentia
1894 3471 1971 3514 im‘·

123 3531 272 3575 minere
286 3537 447 3586 possent
464 3535 656 3589 pericula.
1958 3551 1962 3557 ’
2010 3539 2013 3542 ’
