2320 4030
378 255 448 310 36
667 271 767 311 mn.
807 271 881 309 ιιι.
920 268 1061 308 secr.
1101 269 1137 306 1.
1174 269 1239 307 nr:
1271 269 1426 308 MATR.
1459 269 1660 309 cniusr.
1694 269 1930 312 unium.

373 384 421 428 et
463 383 617 428 erunt
658 370 760 426 duo
790 370 847 424 in
878 389 1035 424 carne
1072 389 1181 425 una
1210 368 1398 445 (82);»
1422 390 1566 449 quae
1598 381 1876 449 tamquam
1902 392 1934 428 a
1956 371 2069 431 Deo
2101 375 2231 454 ipso

373 467 586 546 prolata
630 465 793 523 refert
837 462 1093 522 Christus
1124 465 1270 541 (83).
1296 464 1560 545 Adeoque
1605 465 1837 523 dubium
1882 466 2093 526 nullum
2139 492 2230 528 s-u·

371 584 595 644 peresse
639 572 820 641 potest
850 559 919 617 de
948 559 1047 618 Dei
1082 559 1387 619 intentione
1419 582 1484 619 ac
1512 561 1795 621 voluntate
1840 562 1989 622 circa
2033 587 2228 625 mono—

370 658 630 737 gamiam.

488 753 589 813 Ast
631 751 784 811 aliud
816 766 900 812 est
931 752 999 811 de
1030 753 1130 812 Dei
1165 753 1468 813 intentione
1511 775 1575 813 ac
1618 754 1909 814 voluntate
1951 755 2228 815 disserere

371 873 466 930 per
496 850 701 908 factum
734 850 918 930 ipsum
951 849 1335 920 manifestata;
1365 849 1518 908 aliud
1541 872 1670 910 vero
1695 851 1764 910 de
1786 851 1906 931 lege
1936 873 2223 932 expressa,

367 968 478 1026 qua
509 945 662 1004 Adae
694 945 932 1025 posteris
979 944 1247 1003 indictum
1292 945 1485 1016 fuerit,
1521 959 1582 1005 ut
1622 969 1790 1006 unam
1835 960 2046 1006 tantum
2091 970 2229 1008 uxo-

368 1064 481 1100 rem
525 1043 823 1111 ducerent,
874 1063 938 1100 ac
982 1041 1331 1120 illegitimum
1379 1055 1432 1100 et
1476 1041 1688 1101 nullum
1743 1043 2050 1103 declaretur
2096 1066 2230 1103 con-

366 1139 576 1218 iugium
622 1138 769 1219 quod
817 1152 941 1219 post
984 1138 1205 1196 ductam
1253 1139 1490 1218 primam
1535 1161 1760 1199 uxorem
1805 1141 2002 1200 initum
2036 1141 2218 1200 fuerit.

366 1235 515 1293 Haec
558 1255 825 1314 expressa
856 1233 942 1291 lex
974 1234 1235 1313 nuspiam
1269 1248 1503 1314 apparet
1547 1233 1602 1291 in
1650 1235 1823 1293 sacris
1862 1235 2086 1307 litteris;
2125 1258 2226 1316 pa·-

366 1344 477 1389 tres
521 1351 652 1389 vero
698 1329 753 1386 in
798 1329 1048 1388 diversas
1090 1330 1391 1387 sententias
1437 1329 1590 1388 abire
1631 1330 1738 1389 visi
1785 1343 1932 1389 sunt.
1963 1332 2223 1390 Nonnulli

365 1449 429 1484 ex
474 1425 730 1506 patribus
776 1425 1010 1484 Lamech
1070 1425 1366 1484 traducunt
1409 1439 1470 1484 ut
1511 1426 1750 1486 violatae
1803 1427 2028 1487 divinae
2082 1427 2224 1508 legis

365 1544 518 1581 reum
549 1545 614 1582 eo
645 1522 793 1603 quod
825 1522 969 1581 duas
1001 1523 1167 1581 simul
1201 1521 1460 1581 babuerit
1483 1545 1705 1592 uxoreS,
1733 1535 1794 1581 ut
1817 1523 2219 1595 TertullianuS,

362 1619 458 1699 qui
493 1632 618 1700 post
651 1619 823 1678 relata
852 1619 1022 1678 verba
1053 1618 1280 1678 scribit:
1316 1620 1640 1678 «Numerus
1674 1619 2008 1679 matrimonii
2044 1642 2076 1678 a
2107 1642 2228 1679 ma-

360 1715 562 1775 ledicto
591 1716 711 1775 viro
741 1716 941 1797 coepit.
981 1716 1198 1774 Primus
1231 1715 1471 1774 Lamech
1503 1715 1725 1774 duabus
1755 1716 2073 1789 maritatus,
2113 1730 2226 1777 tres

363 1811 418 1868 in
449 1834 619 1870 unam
649 1833 871 1870 carnem
907 1811 1092 1870 effecit
1121 1813 1309 1889 (84>;»
1339 1824 1392 1870 et
1421 1810 1588 1870 alibi:
1631 1811 1855 1870 «Semel
1894 1812 2007 1871 vim
2054 1835 2227 1893 passa

363 1906 635 1966 institutio
676 1907 778 1964 Dei
824 1928 920 1987 per
950 1905 1185 1964 Lamech
1219 1908 1407 1983 (85).»
1439 1907 1574 1965 Item
1606 1928 1654 1965 s.
1685 1906 2087 1987 Hieronymus,
2125 1909 2219 1989 qui

361 2016 414 2062 et
455 2003 578 2084 ipse
622 2002 778 2061 addit
830 2015 958 2082 post
1012 2002 1180 2061 verba
1240 2002 1502 2082 superius
1559 2002 1887 2083 descripta:
1942 2004 2223 2063 «Primus

360 2099 597 2158 Lamech
642 2098 1038 2178 sanguinarius
1074 2112 1127 2157 et
1157 2098 1471 2170 homicida,
1517 2121 1687 2157 unam
1733 2121 1953 2158 carnem
1985 2099 2043 2157 in
2078 2100 2221 2159 duas

360 2195 555 2255 divisit
613 2216 848 2254 uxores:
907 2194 1275 2253 fratricidium
1327 2208 1381 2253 et
1430 2194 1763 2274 digamiam,
1828 2195 2019 2254 eadem
2073 2208 2224 2255 cata-

360 2292 558 2374 clysmi
598 2313 779 2372 poena
816 2290 1021 2350 delevit
1057 2294 1247 2369 (86).»
1276 2292 1500 2350 Necnon
1533 2313 1579 2350 s.
1602 2289 1862 2350 Nicolaus
1894 2293 1937 2349 l.
1960 2292 2056 2372 qui
2092 2293 2226 2351 scri-

361 2388 443 2446 bit
479 2412 490 2446 :
539 2386 860 2446 «Adulterii
916 2400 1098 2445 autem
1143 2387 1445 2466 flagitium,
1494 2386 1644 2468 quod
1688 2386 1926 2445 Lamech
1971 2387 2221 2446 omnium

360 2484 573 2565 primus
617 2484 674 2539 in
710 2482 929 2542 duabus
974 2482 1243 2541 uxoribus
1285 2482 1649 2563 perpetravit,
1686 2483 1909 2542 nonnisi
1941 2483 2222 2562 Sanguine

360 2580 567 2639 Christi
604 2579 871 2639 abolitum
905 2579 1173 2649 extiterit,
1209 2578 1304 2659 qui
1332 2579 1570 2659 septima
1599 2593 1653 2637 et
1684 2580 2096 2659 septuagesima
2125 2600 2222 2657 ge-

360 2677 642 2737 neratione
673 2675 979 2735 secundum
1013 2675 1360 2755 evangelium
1398 2675 1599 2734 luxerit
1634 2675 1690 2733 in
1725 2675 1995 2735 mundum
2025 2677 2217 2753 (87).»

361 2772 513 2833 Alios
560 2772 760 2831 afferre
804 2793 1028 2852 possem
1074 2771 1170 2852 qui
1217 2770 1364 2828 idem
1412 2770 1675 2830 sentiunt.

482 2960 567 3008 (82)
594 2961 740 2999 Genes.
763 2961 816 2999 11.
841 2965 903 2999 23.
925 2963 985 2999 22.

485 3026 566 3075 (53)
598 3026 741 3065 Matth.
758 3028 863 3065 xlx.
889 3032 923 3065 5.
946 3032 983 3064 (5.

480 3092 561 3142 (84)
597 3094 693 3132 Loc.
714 3091 783 3131 cit.

482 3159 563 3207 (ὃὸ)
590 3159 680 3198 Lib.
705 3161 763 3198 De
779 3162 1073 3209 monoqamz'a,
1094 3170 1181 3209 cap.
1204 3161 1271 3198 lV.

480 3225 561 3275 (86)
590 3226 687 3264 Loc.
707 3225 777 3264 cit.
795 3225 865 3275 qui
887 3226 1025 3264 eadem
1048 3225 1173 3264 ferme
1199 3225 1340 3275 repetit
1366 3224 1490 3264 verba
1507 3224 1635 3275 Epist.
1656 3225 1833 3264 LXXIX.
1856 3223 1907 3263 ad
1928 3224 2133 3264 salvinam
2152 3225 2219 3265 ed.

358 3292 428 3332 cit.
446 3291 524 3331 col.
547 3296 635 3331 503.
656 3290 836 3330 scribens
857 3302 864 3325 :
888 3291 1082 3330 «Primus
1106 3291 1280 3331 Lamech
1311 3290 1551 3330 maledictus
1579 3290 1619 3330 et
1645 3290 1951 3340 sanguinarius,
1968 3291 2007 3330 et
2035 3290 2085 3330 de
2116 3291 2216 3330 Cain

357 3359 481 3410 stirpe
508 3358 756 3398 descendens
775 3389 786 3408 ,
815 3368 936 3397 unam
966 3360 1121 3397 costam
1150 3357 1289 3396 divisit
1324 3358 1363 3397 in
1396 3357 1519 3405 duas,
1550 3358 1587 3397 ct
1617 3356 1862 3407 plantarium
1898 3357 2096 3407 digamiae
2127 3369 2215 3407 pro-

358 3427 468 3466 tinus
502 3425 648 3465 diluvii
678 3436 806 3476 poena
839 3425 1078 3464 subvertit.»

477 3491 559 3542 (57)
588 3491 653 3532 Ad
684 3491 886 3532 consulta
918 3491 1149 3542 Bulqaror.
1184 3503 1220 3531 n.
1257 3497 1318 3532 51.
1354 3491 1461 3542 apud
1495 3489 1694 3531 Harduin.
1721 3492 1827 3531 Acta
1859 3490 2011 3531 concil.
2045 3492 2140 3530 tom.
2168 3493 2211 3527 x.

361 3560 436 3599 col.
462 3564 547 3600 371.
