2320 4030
450 293 563 334 cu».
586 292 624 332 1.
644 291 709 332 m:
731 289 1019 332 rouGAun
1046 287 1390 331 smumumm.
1426 286 1542 329 ΛΒΤ.
1572 286 1645 327 iv.
1897 268 1969 326 73

130 391 432 453 minatione
473 391 544 451 ad
587 389 991 467 Theutbeirgam
1045 387 1420 467 recipiendam
1440 395 1461 458 ,ἶ
1501 394 1673 467 atque:
1708 383 1781 444 ad
1820 383 1975 444 Wal-

129 488 361 548 dradam
404 487 750 568 pellendam;
783 482 1143 543 Waldradam
1174 482 1358 563 ipsam
1387 480 1974 542 excommunicationis

128 595 308 666 poena
348 583 710 643 mulctaverit.
755 579 910 649 Quae
952 577 1140 638 omnia
1182 578 1529 638 confirmavit
1570 591 1624 637 et
1663 576 1975 638 executioni

129 679 414 742 mandavit
454 676 665 736 Nicolai
712 695 1003 734 successor
1046 671 1363 732 Hadrianus
1405 673 1478 730 II.
1521 675 1707 750 (186).
1739 673 1809 731 Ut
1847 693 1977 731 vero

129 764 309 853 magis
351 785 532 855 pateat
560 793 670 852 quo
700 771 871 828 animi
901 770 1090 849 vigore
1121 790 1199 827 SS.
1223 767 1470 848 pontifex
1511 767 1772 828 Nicolaus
1817 767 1978 826 resti-

130 871 257 929 terit
285 868 496 928 nefario
513 866 757 926 Lotharii
790 865 953 925 ausui
978 913 989 936 ,
1026 886 1135 924 non
1166 862 1463 924 abnuimus
1495 863 1826 941 gravissima
1855 863 1978 922 eius

126 964 295 1031 verba
333 961 648 1029 describere
690 983 756 1019 ex
800 959 1036 1042 epistola
1077 980 1244 1040 quam
1289 957 1359 1016 ad
1403 957 1700 1038 episcopos
1731 957 1976 1018 Lotharii

127 1058 326 1124 ditioni
356 1057 624 1117 obnoxios
663 1056 917 1137 scripsit,
957 1068 1018 1114 ut
1051 1046 1147 1114 eos
1182 1054 1351 1114 sortes
1381 1053 1636 1112 redderet
1665 1053 1722 1111 in
1754 1054 1980 1135 opposi-

126 1154 277 1213 tione
317 1153 566 1212 adultero
601 1153 714 1232 regi
748 1152 1030 1211 facienda:
1058 1150 1478 1230 «Quapropter,
1509 1149 1718 1229 inquit,
1745 1148 1979 1210 obsecro

125 1271 226 1310 vos
255 1273 354 1330 per
383 1250 678 1309 adventum
704 1250 773 1306 D.
794 1250 860 1306 N.
880 1247 1003 1306 1.C.
1027 1260 1154 1307 ante
1182 1247 1343 1306 cuius
1375 1257 1735 1327 conspectum
1762 1245 1852 1307 vel
1881 1266 1981 1326 pro

126 1345 389 1424 legitimis
445 1344 841 1404 certaminibus
895 1358 1192 1414 coronam,
1241 1342 1328 1402 vel
1372 1360 1471 1424 pro
1515 1341 1738 1401 desidia
1766 1389 1778 1412 ,
1828 1340 1979 1422 quod

128 1441 310 1511 absit,
339 1462 574 1521 poenam
604 1440 954 1520 percipietis:
983 1452 1043 1498 ut
1067 1438 1291 1498 tandem
1324 1437 1629 1519 aliquando
1665 1436 1982 1515 recogitetis

128 1535 500 1594 ministerium
531 1534 678 1615 quod
710 1534 1003 1615 accepistis
1026 1581 1038 1604 ,
1075 1533 1380 1613 proiiciatis
1417 1531 1721 1603 desidiam,
1758 1530 1980 1611 pellatis

129 1652 163 1688 a
190 1630 351 1689 vobis
396 1629 651 1689 servilem
695 1629 947 1688 timorem
971 1676 983 1699 ,
1020 1628 1318 1687 resumatis
1351 1625 1726 1707 episcopalem
1756 1625 1982 1686 liberta-

128 1736 258 1794 tem,
291 1724 601 1804 corripiatis
633 1724 1043 1804 speculatorum
1077 1736 1130 1782 et
1158 1736 1444 1804 pastorum
1475 1721 1748 1793 officium,
1782 1734 1836 1781 et
1858 1744 1982 1803 pre-

127 1818 330 1889 cando,
367 1818 738 1890 obsecrandO,
775 1819 1085 1889 suadendo,
1122 1817 1287 1877 modo
1317 1817 1526 1876 caduca
1571 1816 1740 1876 huius
1784 1817 1980 1876 mundi

127 1935 398 1993 prospera
426 1914 780 1994 exponendo,
823 1914 988 1973 modo
1032 1914 1089 1971 in
1133 1925 1416 1972 aeternum
1460 1934 1727 1971 mansura
1775 1913 1983 1991 gaudia

125 2007 531 2088 praedicando,
562 2007 671 2066 iam
703 2008 1046 2067 nominatum
1071 2028 1257 2086 regem
1286 2006 1685 2086 (Lotharium)
1722 2007 1983 2089 frequen-

126 2103 237 2163 tius
260 2103 492 2174 adeatiS,
518 2116 571 2162 et
594 2115 704 2162 tam
730 2126 795 2162 ex
818 2102 1140 2163 auctoritate
1160 2102 1260 2161 Dei
1277 2150 1289 2174 ,
1319 2125 1488 2184 quam
1512 2103 1678 2162 etiam
1709 2124 1776 2162 ex
1806 2103 1981 2163 nostri

127 2197 468 2280 apostolatus
500 2197 749 2257 iniuncta
775 2197 935 2258 vobis
968 2197 1389 2279 praeceptione,
1427 2220 1754 2280 quousque,
1792 2199 1840 2258 si
1869 2222 1980 2260 non

126 2292 424 2363 obedierit,
460 2293 607 2352 hanc
635 2316 803 2374 quam
828 2314 977 2352 nunc
999 2293 1168 2353 habet
1189 2293 1494 2352 adulteram
1514 2295 1794 2353 mulierem
1815 2294 1984 2375 proii-

127 2387 303 2459 cienS,
325 2388 596 2450 finitivam
619 2389 1170 2471 permansioramque
1192 2389 1391 2448 demus
1416 2398 1588 2470 super
1608 2411 1733 2449 eum
1759 2403 1982 2449 senten-

129 2482 282 2541 tiam.
299 2533 309 2542 .
326 2484 534 2543 .Eruite
556 2484 706 2545 hunc
726 2484 928 2556 virum,
959 2484 1056 2564 qui
1079 2483 1302 2543 ducitur
1323 2483 1392 2542 ad
1416 2497 1668 2556 mortem,
1693 2485 1789 2566 qui
1814 2485 1983 2543 trahi-

132 2588 220 2634 tur
243 2578 311 2635 ad
342 2579 621 2640 interitum
641 2628 653 2651 ,
682 2580 920 2640 liberare
941 2601 1011 2639 ne
1035 2580 1289 2640 cessetis.
1320 2579 1597 2650 Clamate,
1627 2581 1791 2660 quasi
1815 2581 1975 2652 tuba,

133 2669 367 2729 'exaltate
394 2693 556 2732 voces
584 2688 798 2734 vestras
823 2688 878 2734 et
900 2675 1225 2734 annuntiate
1255 2674 1337 2733 illi
1369 2673 1580 2734 scelera
1610 2695 1738 2744 sua,
1774 2675 1981 2755 quibus

133 2777 356 2844 peccat,
403 2779 456 2825 et
496 2788 725 2846 peccare
767 2769 899 2831 facit
941 2768 1133 2830 lsrael.
1165 2768 1325 2838 Quod
1356 2768 1528 2828 siille
1557 2779 1669 2828 'non
1706 2769 1975 2842 audierit,

131 2859 254 2939 ipse
283 2860 341 2917 in
372 2860 664 2942 iniquitate
707 2884 811 2923 sua
852 2864 1149 2934 morietur,
1187 2865 1416 2943 sanguis
1455 2864 1575 2925 eius
1614 2887 1782 2947 super
1815 2873 1983 2947 caput

132 2955 253 3015 eius
297 2956 431 3015 erit:
482 2978 581 3017 vos
624 2971 806 3018 autem
850 2959 1067 3019 animas
1110 2973 1324 3021 vestras
1367 2959 1675 3021 liberabitis
1706 2963 1935 3040 (187).»

176 3084 179 3088 ν
251 3053 361 3114 Iste
403 3076 473 3113 ne
514 3054 617 3115 erit
647 3055 923 3134 pontifex,
961 3055 1058 3136 qui
1089 3055 1348 3115 Lothario
1381 3056 1757 3138 polygamiam
1794 3058 1981 3119 indul-

131 3146 303 3206 serit?
333 3150 620 3208 Praeterea
663 3172 773 3209 non
816 3150 887 3209 de
928 3150 1247 3233 polygamia
1288 3152 1496 3212 directe
1539 3153 1832 3232 agebatur,
1878 3153 1980 3212 sed

129 3243 312 3322 potius
355 3245 425 3305 de
467 3246 958 3306 indissolubilitate
1011 3247 1298 3327 coniugii:
1349 3258 1522 3329 quum
1547 3257 1660 3310 'rex
1703 3271 1813 3309 non
1866 3249 1980 3307 iam

133 3336 274 3398 duas
305 3340 471 3400 simul
500 3364 700 3402 uxores
730 3342 937 3402 habere
973 3343 1355 3416 contenderet,
1392 3343 1491 3403 sed
1522 3344 1708 3426 potius
1741 3343 1980 3405 divortio

249 3509 356 3558 (186)
374 3509 436 3549 Cf.
458 3511 589 3551 Natal.
609 3512 826 3552 Alexandr.
845 3512 953 3553 Diss.
972 3514 1044 3553 IX.
1062 3513 1103 3552 in
1123 3512 1229 3554 Hist.
1247 3513 1401 3555 Eccles.
1424 3524 1529 3554 saec.
1549 3516 1620 3555 lX.
1641 3515 1682 3554 et
1705 3518 1755 3554 X.

254 3571 359 3625 (187)
386 3575 512 3627 Epist.
531 3576 685 3618 Nicolai
707 3583 769 3620 52.
784 3580 883 3620 tom.
904 3580 976 3620 111.
1000 3579 1162 3620 concil.
1185 3579 1353 3620 Galliae
1382 3590 1472 3631 pag.
1497 3586 1570 3621 269
1593 3591 1705 3632 seqq.
