2320 4030
418 323 529 362 mr.
560 323 594 361 1.
625 323 687 361 DE
721 321 1370 362 POLYGAMIASIMULTANEA,
1399 320 1513 359 ΛΒΤ.
1544 319 1615 358 lv.
1855 301 1925 356 55

105 440 237 479 'vero
281 440 388 478 non
434 419 751 488 haberetur,
800 419 848 476 si
891 417 1076 475 liceret
1118 416 1234 474 sive
1283 417 1510 475 alterum
1561 416 1769 485 virum,
1819 417 1936 475 sive

105 514 334 572 alteram
379 514 578 572 ducere
617 533 863 571 uxorem,

229 609 349 666 Dixi
394 606 716 688 Apostolum
760 605 865 664 hoc
907 605 963 662 in
1017 603 1135 663 loco
1186 603 1428 665 alludere
1477 606 1545 664 ad
1599 609 1935 686 primaevam

112 703 443 762 matrimonii
488 700 884 760 institutionem
926 723 960 759 a
989 699 1205 759 Christo
1233 700 1648 772 confirmatam
1689 701 1935 782 alioquin

108 820 237 856 cum
279 820 346 857 ex
377 798 495 876 lege
522 797 767 855 mosaica
797 818 906 855 non
938 810 1085 856 esset
1113 796 1391 855 censenda
1422 797 1671 856 adultera
1707 797 1932 868 mulier,

110 914 258 972 quae
302 892 538 950 dimissa
576 912 609 949 a
653 891 848 950 marito
892 891 1047 950 alteri
1076 890 1334 960 nuberet,
1370 889 1570 948 falsum
1610 904 1757 950 esset
1795 892 1941 972 Apo-

110 986 238 1046 stoli
271 998 645 1066 assumptum,
681 986 830 1066 quod
861 986 1095 1067 impium
1131 997 1214 1044 est
1243 985 1514 1063 cogitare,
1545 985 1795 1064 adeoque
1825 985 1944 1044 iure

110 1081 382 1141 affirmavi
423 1080 751 1162 Apostolum
782 1081 1095 1141 declarasse
1125 1080 1330 1141 Christi
1361 1080 1693 1139 sententiam
1724 1081 1793 1139 de
1828 1101 1945 1139 mo-

112 1175 367 1253 nogamia
409 1176 466 1232 in
512 1197 613 1234 sua
656 1175 774 1255 lege
818 1175 1090 1235 servanda
1125 1177 1309 1253 (133).

233 1271 295 1326 In
326 1269 497 1329 altero
527 1282 707 1329 autem
738 1270 1052 1329 testimonio
1078 1291 1218 1328 cum
1237 1282 1425 1350 aperte
1447 1267 1775 1351 pronunciet
1796 1267 1944 1326 idem

115 1365 345 1423 Paulus:
371 1366 688 1445 «Praecipio
730 1387 834 1423 non
875 1387 965 1445 eqo
1018 1365 1110 1423 sed
1160 1366 1420 1423 Dominus
1474 1385 1699 1423 uxorem
1743 1385 1776 1421 a
1827 1364 1946 1422 viro

116 1481 226 1518 non
271 1459 591 1530 discedere3
627 1459 776 1540 quod
820 1459 867 1518 si
906 1459 1262 1530 discesserit,
1311 1480 1536 1518 manere
1577 1459 1941 1538 innuptam,»

113 1555 345 1615 evidens
384 1568 469 1613 est
509 1555 579 1613 ad
625 1555 799 1634 legem
831 1577 954 1614 eum
986 1555 1263 1635 respicere
1283 1555 1475 1613 Matth.
1502 1555 1645 1612 XIX.
1674 1555 1840 1612 Marc.
1869 1555 1942 1625 X,

113 1662 169 1707 et
219 1650 345 1708 Luc.
380 1651 515 1707 XVI.
553 1672 584 1708 a
635 1650 853 1709 Christo
903 1650 1068 1709 latam
1121 1651 1190 1709 de
1242 1650 1620 1728 monogamia,
1679 1650 1733 1709 vi
1787 1650 1947 1708 cuius

115 1766 415 1824 numquam
462 1745 545 1803 sas
576 1758 660 1804 est
689 1744 844 1804 alteri
877 1745 1082 1804 nubere
1114 1746 1170 1803 in
1202 1745 1341 1804 vivis
1374 1744 1556 1803 adhuc
1597 1756 1793 1823 agente
1832 1744 1950 1804 sive

117 1839 312 1897 marito
343 1839 458 1898 sive
488 1861 675 1898 uxore.
713 1840 823 1898 Nec
852 1839 1034 1899 obstat
1064 1840 1213 1920 quod
1244 1839 1541 1920 Apostolus
1566 1839 1740 1899 solius
1763 1840 1951 1898 uxoris

115 1933 448 1991 mentionem
478 1932 693 1991 iniiciat
721 1934 883 2013 quasi
916 1934 1175 1991 nimirum
1208 1934 1326 1992 viro
1358 1933 1520 1992 liceat
1548 1933 1699 2014 quod
1729 1933 1946 1993 mulieri

116 2026 437 2106 prohibetur
470 2030 655 2105 (134).
693 2030 825 2087 Nam
869 2042 929 2088 ut
970 2028 1146 2108 liquet
1187 2050 1253 2087 ex
1295 2028 1563 2088 orationis
1610 2029 1755 2088 serie
1805 2028 1952 2110 Apo-

113 2122 288 2181 stolus
319 2122 376 2179 in
405 2123 597 2182 eadem
627 2124 921 2183 conditone
952 2138 1067 2184 tum
1097 2124 1201 2184 viri
1232 2136 1347 2183 tum
1392 2124 1643 2183 mulieris
1690 2124 1778 2183 ius
1821 2145 1952 2183 con-

113 2216 309 2287 stituit,
346 2217 619 2297 siquidem
649 2232 917 2277 commate
960 2218 1273 2299 insequenti
1317 2219 1602 2278 constituit
1634 2241 1735 2278 nec
1771 2219 1953 2279 viru-m

118 2311 337 2370 fidelem
366 2312 566 2371 debere
595 2312 858 2371 dimittere
889 2313 1167 2372 infidelem
1190 2313 1503 2384 mulierem;
1534 2335 1634 2373 nec
1665 2314 1951 2373 mulierem

119 2406 337 2464 fidelem
380 2407 641 2466 dimittere
682 2409 864 2467 virum
909 2408 1216 2479 infidelem,
1265 2410 1314 2468 si
1359 2431 1491 2490 pars
1544 2409 1786 2468 infidelis
1823 2431 1951 2469 con-

119 2502 353 2560 senserit
375 2503 602 2582 pacifice
626 2503 877 2562 habitare
898 2526 1022 2562 eum
1048 2517 1205 2584 parte
1229 2504 1400 2563 fideli.
1421 2507 1587 2564 Pares
1618 2505 1805 2586 itaque
1827 2505 1954 2564 fecit

124 2595 414 2674 Apostolus
443 2599 619 2658 virum
641 2613 693 2658 et
714 2600 1001 2659 mulierem
1033 2601 1216 2681 quoad
1247 2602 1667 2672 dimissionem;
1703 2602 1952 2681 adeoque

124 2711 284 2767 pares
306 2690 432 2749 fecit
452 2694 636 2772 quoad
667 2696 1033 2755 conditionem
1057 2718 1126 2756 ne
1150 2697 1345 2756 iterum
1369 2697 1600 2767 nubant,
1627 2697 1952 2756 dimissione

240 2914 347 2963 (133)
371 2914 435 2953 Cf.
448 2916 601 2955 Estium
618 2918 849 2957 comment.
866 2917 907 2956 in
926 2918 1050 2968 Epist.
1069 2918 1119 2957 ad
1136 2929 1236 2958 rom.
1250 2918 1299 2957 ad
1319 2919 1398 2959 h.1,
1410 2919 1506 2959 item
1525 2918 1714 2959 Bernard.
1727 2929 1751 2958 a
1769 2919 1946 2959 Piconio.

241 2978 348 3028 (134)
377 2980 501 3019 Prout
522 2979 841 3032 Ambrosiaster,
863 2983 903 3021 et
921 2984 1012 3033 post
1035 2983 1166 3034 ipsum
1192 2983 1407 3023 caietanus
1434 2986 1475 3024 et
1499 2985 1740 3025 Catliarinus
1769 2985 1951 3033 voluere,

122 3045 163 3082 in
199 3055 280 3093 quo
311 3045 482 3095 turpiter
516 3047 617 3097 lapsi
652 3049 767 3098 sunt;
803 3049 948 3087 horum
978 3050 1249 3099 expendemus
1282 3050 1545 3101 sententIam,
1583 3062 1674 3090 cum
1706 3051 1756 3091 de
1786 3052 1953 3092 indisso-

121 3109 320 3150 labilitate
352 3122 514 3162 agemus
536 3112 689 3153 vinculi
722 3114 959 3165 coniugalis.
984 3116 1175 3155 Ceterum
1192 3115 1232 3155 id
1251 3116 1315 3155 vel
1336 3116 1411 3167 ipsi
1430 3116 1676 3168 expositores
1692 3118 1956 3168 protestantes

119 3175 242 3215 immo
262 3179 301 3217 et
317 3178 586 3218 rationalistae
606 3179 805 3220 viderunt.
829 3183 929 3221 Nam
948 3180 989 3220 in
1009 3181 1237 3221 recensione
1249 3182 1464 3233 Koppiana
1482 3184 1583 3223 Dav.
1601 3184 1677 3223 Iul.
1696 3186 1788 3223 Pott
1805 3184 1887 3224 vol.
1903 3186 1951 3223 V.

119 3242 220 3291 part.
240 3243 271 3280 I.
292 3243 507 3294 Gottingae
530 3249 637 3284 1826.
658 3244 699 3284 in
715 3245 822 3285 hunc
841 3245 918 3285 loc.
934 3256 1025 3285 cum
1043 3246 1183 3286 Grotio
1201 3247 1258 3286 sic
1277 3246 1459 3287 adnotat.
1473 3248 1545 3287 «Si
1566 3248 1642 3287 hoc
1655 3249 1839 3289 Christus
1863 3249 1952 3287 viro

117 3306 241 3358 dixit,
262 3308 327 3347 cui
350 3311 506 3350 tantum
536 3311 636 3350 iuris
664 3310 830 3351 dederat
854 3311 917 3352 lex
951 3313 1099 3364 Mosis,
1120 3315 1272 3363 quanto
1296 3314 1423 3364 magis
1443 3313 1550 3353 idem
1571 3314 1738 3365 intelligi
1758 3314 1876 3353 debet
1902 3315 1952 3353 de

122 3372 315 3422 foemina,
335 3375 399 3413 cui
420 3375 480 3415 lex
503 3377 625 3416 Mosis
659 3377 760 3416 nihil
793 3377 873 3417 tale
900 3379 1175 3417 concesserat?
1207 3378 1356 3418 Eadem
1389 3389 1483 3429 ergo
1516 3379 1725 3419 tolerantia
1757 3389 1878 3428 quam
1910 3380 1949 3417 in

116 3440 336 3479 exercenda
356 3441 440 3491 lege
459 3441 581 3481 Mosis
608 3442 793 3482 Christus
818 3443 915 3483 viris
934 3444 1270 3495 praescripserat,
1293 3445 1422 3486 multo
1445 3445 1588 3486 iustius
1605 3447 1689 3485 erat
1704 3444 1951 3484 observanda

120 3502 320 3555 foeminis,
345 3505 490 3556 quibus
521 3508 583 3547 ius
609 3518 633 3547 a
660 3508 805 3548 marito
840 3508 1069 3549 discedendi
1099 3509 1220 3549 dabat
1248 3520 1327 3548 non
1354 3510 1417 3549 lex
1438 3511 1582 3559 Mosis,
1605 3509 1673 3549 sed
1699 3521 1886 3550 romanae
1911 3512 1950 3550 et

121 3579 255 3615 graece
285 3570 414 3621 leges,⁴
447 3572 606 3612 illorum
643 3575 882 3624 populorum
920 3575 1086 3624 ingeniis
1119 3576 1336 3625 apt-amem»
