2320 4030
409 261 485 313 60
691 278 789 315 Lm.
829 275 904 313 111.
944 273 1085 313 secr.
1123 275 1158 312 1.
1196 275 1259 313 ni:
1292 275 1446 314 MATR.
1478 274 1678 314 cnmsr.
1709 276 1946 316 υΝῐΤΑτΕ.

409 375 604 431 micum
623 372 749 452 fidei
768 371 1089 428 christianae
1114 373 1270 450 (150)
1287 420 1296 428 .
1315 371 1467 430 Idem
1490 373 1600 429 iam
1624 372 1995 434 declaraverat
2013 375 2242 434 Alexan-

411 470 509 527 der
538 468 631 524 111.
668 466 967 524 Innocentii
1006 466 1398 546 praedecessor
1440 467 1740 526 decernens
1772 490 1896 526 eum
1917 517 1928 539 ,
1966 471 2061 550 qui
2094 484 2241 550 post-

411 585 577 644 quam
619 583 743 620 cum
786 583 897 620 una
941 562 1209 621 contraxit
1250 585 1347 643 per
1387 563 1555 621 verba
1605 563 1674 621 de
1718 566 2026 644 praesenti,
2074 566 2240 624 aliam

411 658 588 716 ducit:
622 657 885 716 «etiamsi
926 680 1050 717 cum
1089 659 1195 716 ista
1233 658 1483 738 copulam
1518 658 1799 729 habuerit,
1836 659 1905 717 ab
1937 659 2032 717 illa
2065 674 2243 718 tamen

411 752 611 811 debere
635 753 878 833 separari
904 756 1062 831 (151)
1080 802 1088 811 .
1106 778 1132 809 »
1155 753 1397 811 Tandem
1422 754 1718 812 concilium
1744 755 2101 813 tridentinum
2131 768 2246 814 tum

412 848 678 907 adversus
723 848 1020 907 Lutherum
1064 849 1160 929 qui
1205 848 1563 928 profitebatur
1604 871 1664 908 se
1693 851 2088 931 «polygamiae
2118 872 2248 909 con-

413 944 759 1003 suetudinem
804 966 904 1002 nec
953 945 1296 1003 introducere
1337 943 1510 1013 velle,
1564 967 1655 1002 nec
1708 947 2053 1025 improbare»
2083 968 2248 1027 posse

412 1041 544 1120 quia
580 1065 606 1095 «
637 1052 853 1120 patrum
889 1040 1139 1120 exempla
1174 1040 1346 1098 adhuc
1394 1040 1564 1097 libera
1605 1053 1730 1097 sunt
1758 1044 1982 1119 (152),»
2014 1056 2127 1100 tum
2159 1042 2250 1100 ad-

412 1158 604 1195 versus
643 1135 1028 1215 anabaptistae
1074 1135 1489 1193 lutheranorum
1536 1134 1926 1214 propaginem,
1978 1136 2124 1194 hunc
2168 1158 2252 1194 ca-

414 1253 611 1290 nonem
636 1232 789 1289 tulit:
818 1256 843 1287 «
862 1232 916 1288 Si
943 1232 1068 1311 quis
1093 1231 1292 1289 dixerit
1323 1230 1488 1288 licere
1519 1229 1840 1288 christianis
1872 1231 2057 1312 plures
2089 1232 2251 1290 simul

415 1327 617 1386 habere
653 1349 851 1386 uxores
878 1376 888 1398 ,
925 1340 979 1386 et
1008 1327 1111 1386 hoc
1143 1326 1296 1384 nulla
1325 1326 1444 1404 lege
1476 1326 1666 1384 divina
1702 1347 1831 1384 esse
1877 1327 2243 1406 prohibitum,

416 1423 602 1480 anath.
635 1423 706 1481 sit
735 1425 892 1501 (153)
913 1448 963 1479 .»

535 1517 617 1574 Ad
649 1518 787 1576 haec
817 1518 1002 1576 omnia
1034 1518 1248 1576 accedit
1278 1517 1425 1596 quod
1454 1518 1510 1573 in
1534 1516 1771 1575 ecclesia
1807 1517 2110 1576 christiana
2143 1540 2254 1576 ma-

418 1613 732 1671 trimonium
776 1635 993 1694 semper
1037 1613 1289 1670 habitum
1334 1611 1497 1671 fuerit
1520 1660 1531 1682 ,
1569 1625 1729 1692 prout
1759 1612 2102 1672 ostendimus
2126 1661 2137 1683 ,
2175 1615 2253 1671 uti

418 1722 821 1768 sacramentum
853 1731 886 1767 a
916 1709 1138 1767 Christo
1180 1710 1414 1768 Domino
1460 1708 1800 1779 institutum,
1837 1710 1983 1789 quod
2012 1723 2157 1768 esset
2187 1711 2257 1768 si-

418 1827 586 1883 gnum
632 1827 694 1863 ac
739 1803 1049 1885 symbolum
1106 1805 1329 1863 unionis
1374 1805 1534 1862 Verbi
1580 1826 1704 1862 cum
1749 1804 2087 1863 humanitate
2125 1854 2134 1876 ,
2194 1827 2256 1863 ac

419 1900 623 1958 Christi
656 1921 777 1957 cum
814 1899 1048 1957 ecclesia
1074 1921 1173 1958 sua
1197 1922 1364 1979 quam
1389 1899 1494 1958 sibi
1520 1921 1619 1958 ceu
1646 1921 1910 1980 sponsam
1948 1901 2247 1959 coniunxit.

420 1996 535 2052 Iam
576 2016 705 2053 vero
749 1994 1003 2053 Christus
1047 1994 1267 2053 nonnisi
1311 1994 1532 2053 unicam
1571 1993 1765 2052 habuit
1801 2007 1853 2052 et
1891 1994 2057 2053 habet
2087 2017 2251 2075 spon-

422 2094 540 2149 sam
571 2112 737 2170 quam
769 2090 1063 2170 acquisivit
1093 2090 1362 2169 sanguine
1395 2113 1525 2160 suo;
1563 2112 1692 2169 ergo
1725 2090 1831 2149 hoc
1863 2091 1986 2170 ipso
2018 2104 2169 2170 patet
2199 2092 2254 2148 in

422 2185 656 2244 ecclesia
692 2185 910 2243 nonnisi
951 2187 1354 2263 monogamiam
1385 2186 1591 2244 licitam
1625 2207 1689 2243 ac
1724 2186 2027 2264 legitimam
2064 2186 2254 2244 haberi

423 2282 689 2362 potuisse.
722 2281 904 2350 Quare
940 2281 1250 2339 inauditum
1285 2282 1338 2339 in
1370 2282 1603 2341 ecclesia
1639 2281 1943 2339 christiana
1973 2294 2057 2340 est
2086 2304 2255 2339 unum

422 2378 599 2436 virum
632 2377 817 2458 plures
851 2377 1014 2435 simul
1048 2378 1295 2457 potuisse
1337 2400 1534 2438 uxores
1578 2377 1800 2435 habere.
1840 2377 2050 2434 Exinde
2080 2390 2255 2435 ortum

426 2471 564 2530 illud
597 2472 916 2530 scandalum
941 2472 1090 2551 quod
1114 2473 1407 2532 universus
1431 2473 1581 2532 orbis
1612 2472 1948 2530 christianus
1979 2472 2260 2530 exhorruit

426 2589 548 2625 cum
600 2568 810 2648 accepit
857 2568 1041 2625 datam
1084 2590 1117 2625 a
1158 2569 1463 2627 lutheranis
1521 2568 1940 2648 permissionem
1999 2567 2256 2647 Philippo

428 2664 749 2742 Lantgravio
792 2663 1026 2722 Hassiae
1071 2664 1366 2742 digamiam
1412 2664 1762 2723 consectandi
1807 2666 1992 2741 (154).

546 2817 652 2866 (150)
681 2819 723 2855 In
752 2827 838 2867 cap.
862 2816 1105 2857 Gauclemus
1130 2824 1164 2857 S.
1193 2820 1249 2856 De
1278 2817 1493 2857 divortiis.
1515 2818 1712 2867 Loquitur
1729 2818 1861 2856 autem
1885 2817 2060 2868 pontifex
2080 2816 2130 2855 (le
2146 2827 2260 2866 paga-

431 2885 507 2933 nis,
521 2883 590 2933 qui
611 2894 701 2922 cum
719 2884 852 2932 plures
872 2883 912 2921 iu
931 2883 1164 2923 infidelitate
1183 2895 1329 2923 uxores
1346 2884 1553 2934 duxerint,
1573 2884 1624 2922 ad
1645 2883 1875 2933 religionem
1896 2883 2151 2921 christianam
2169 2893 2260 2921 con-

430 2952 659 3000 vertuntur,
683 2962 784 2999 quos
804 2951 859 2989 ait
879 2962 958 2989 non
976 2962 1090 3000 posse
1107 2951 1248 2990 ductas
1269 2962 1413 2990 uxores
1434 2951 1604 2990 retinere
1618 2952 1708 2999 post
1728 2949 2050 2997 conversionem,
2071 2948 2182 2986 iuxta
2196 2959 2260 2997 pa-

429 3027 576 3066 ganum
603 3015 829 3054 institutum
858 3015 1055 3065 νείιῖῃὶοηῐ
1082 3015 1345 3054 christianae
1371 3018 1609 3055 inimicum.

549 3082 655 3132 (151)
683 3083 779 3131 Cap.
804 3083 918 3119 Licet
939 3083 1017 3120 etc.
1038 3087 1074 3120 3.
1096 3083 1157 3119 De
1177 3092 1335 3130 sponsa
1360 3080 1563 3120 duorum.

555 3150 660 3200 (152)
684 3150 909 3187 comment.
930 3148 970 3186 in
998 3158 1086 3198 cap.
1104 3149 1368 3187 XV1.Genes.
1392 3148 1521 3197 Atque
1540 3147 1605 3186 hic
1623 3147 1752 3186 obiter
1771 3146 2063 3185 observandum
2082 3146 2175 3197 quid
2198 3158 2261 3184 va-

434 3218 539 3258 leant
559 3216 686 3257 Biblia
706 3216 861 3267 privato
881 3226 998 3254 sensu
1017 3215 1244 3263 intellecta3
1265 3214 1457 3253 Calvinus
1476 3214 1514 3252 in
1535 3214 1821 3253 commentario
1841 3214 1889 3253 ad
1910 3214 1985 3252 hoc
2000 3214 2129 3265 ipsum
2146 3217 2264 3264 caput

431 3289 629 3324 Geneseos
646 3283 844 3322 Abraham
865 3282 989 3321 veluti
1009 3293 1143 3331 reum,
1167 3283 1211 3320 ut
1226 3280 1423 3329 vidimus,
1449 3280 1547 3330 legis
1572 3282 1738 3319 naturae
1764 3281 1942 3331 iurisque
1970 3280 2096 3319 divini
2123 3280 2261 3318 violati

430 3351 627 3401 traducit3
647 3352 786 3391 contra
804 3361 900 3390 vero
921 3349 1119 3389 Lutherus
1138 3359 1183 3388 ex
1207 3347 1347 3388 eodem
1367 3347 1497 3397 capite
1514 3347 1634 3386 insert
1658 3347 1924 3397 polygamiam
1946 3346 2076 3386 adhuc
2097 3347 2263 3385 liberam

433 3430 531 3458 esse.
553 3420 614 3458 lta
643 3417 745 3456 inter
763 3428 804 3456 se
820 3416 1086 3457 cohaerebant
1104 3415 1170 3454 isti
1189 3413 1451 3464 Evangelicae
1474 3413 1768 3453 reformationis
1789 3413 1925 3452 duces.

554 3486 663 3535 (153)
691 3485 793 3524 Sess.
818 3487 879 3523 24.
899 3494 985 3522 can.
1010 3490 1046 3523 2.

557 3551 662 3601 (15'1)
691 3551 751 3589 Cf.
777 3552 941 3589 Bossia-1
963 3550 1148 3589 Hismire
1166 3547 1237 3586 (les
1255 3548 1514 3595 immusicus,
1537 3546 1606 3584 liv.
1636 3547 1700 3583 Vl.
1722 3556 1743 3583 a
1764 3556 1802 3584 n.
1827 3547 1856 3583 1.
1880 3544 1927 3583 ad
1951 3549 1997 3584 Χ.
