2320 4030
324 197 437 253 348
564 215 666 256 Lm.
689 216 767 255 111.
795 214 939 255 sacr.
968 214 1185 256 ALTERA.
1217 216 1282 256 nr:
1314 217 1500 259 mmss.
1532 221 1691 262 nnn.
1722 225 1925 268 emusr.

318 314 376 372 in
419 334 556 373 casu
599 313 795 372 saltem
848 313 1270 386 fornicationis,
1328 339 1499 398 quam
1551 340 1653 398 pro
1696 321 2190 385 indissolubilitatc

316 409 649 468 sententiam
681 408 897 468 dixisse
932 411 1093 490 (201)
1119 436 1131 482 ;
1169 425 1264 471 aut
1294 434 1418 471 cum
1452 428 1712 474 asserunt
1741 419 2057 480 testimonia
2088 444 2189 502 pa-

317 518 462 563 trum
508 516 563 562 et
604 502 972 564 conciliorum
1017 528 1129 566 sec.
1168 507 1266 564 ΙΙΙ.
1319 520 1373 566 et
1410 509 1495 566 IV.
1545 509 1685 567 nihil
1730 511 1800 568 ad
1845 513 2190 592 probandum

314 598 524 670 valere,
570 600 836 681 spectatis
870 600 1040 661 huius
1086 602 1407 675 doctrinae,
1457 618 1519 663 ut
1561 605 1670 686 ipsi
1716 606 2053 687 loquuntur,
2086 634 2193 670 mo-

315 696 584 753 numentis
620 697 909 775 practz'ci'S,
958 697 1057 756 sed
1090 698 1160 756 ad
1194 699 1549 759 traditionem
1581 702 1944 762 evincendam
1983 706 2192 785 primos

316 803 533 871 patres,
577 804 746 872 atque
775 793 1076 874 scriptores
1115 794 1526 857 ecclesiasticos
1559 799 1794 878 proferri
1827 799 2058 872 debere,
2104 822 2195 860 cu-

318 886 562 947 iusmodi
615 901 748 947 sunt
796 889 1053 950 Clemens
1100 913 1408 964 romanuS,
1465 895 1752 973 Ignatius,
1814 897 2188 978 PolycarpuS,

317 984 543 1065 Papias,
580 985 676 1067 qui
710 998 895 1046 tamen
927 987 1033 1048 hac
1067 988 1137 1048 de
1175 1010 1235 1047 re
1269 989 1379 1050 alte
1404 990 1590 1051 silent.
1621 993 1798 1063 Quasi
1832 1016 2033 1076 nempe
2056 995 2195 1054 Her-

316 1102 439 1140 mas
477 1082 563 1141 vir
603 1103 715 1141 non
760 1082 925 1144 fuerit
967 1084 1341 1166 apostolicus,
1392 1089 1675 1170 ceterique
1714 1090 2039 1163 debuerint,
2083 1114 2193 1151 non

316 1174 504 1236 oblata
539 1176 682 1258 ipsis
719 1179 1016 1238 occasione
1060 1194 1156 1239 aut
1210 1182 1576 1254 necessitate,
1623 1185 1693 1243 de
1743 1186 2004 1246 omnibus
2057 1187 2196 1245 scri—

315 1272 466 1333 bere.
506 1274 800 1345 Quodnam
832 1275 964 1334 fidei
995 1276 1201 1357 dogma
1238 1277 1461 1337 firmum
1491 1282 1854 1353 consisteret,
1893 1283 1939 1341 si
1972 1282 2077 1341 hac
2109 1304 2190 1341 re-

317 1370 449 1450 gula
492 1384 775 1430 uteremur
810 1372 971 1450 (202)
994 1371 1024 1429 ⁶?

458 1466 568 1545 Alii
611 1468 765 1547 gravi
810 1468 1114 1549 supercilio
1158 1493 1355 1553 parum
1399 1473 1584 1532 valere
1637 1486 1925 1534 autumant
1966 1476 2195 1555 'patrum

321 1564 675 1636 testimonia,
724 1586 790 1624 eo
834 1565 986 1646 quod
1022 1567 1094 1625 ad
1134 1568 1315 1628 instar
1345 1569 1711 1651 peculiarium
1742 1572 2069 1653 opinionum
2102 1588 2197 1633 aut

319 1660 726 1720 sententiarum
759 1661 955 1721 haberi
990 1662 1261 1736 debeant,
1299 1688 1446 1747 quae
1490 1681 1844 1749 comparatae
1874 1682 2041 1750 atque
2070 1691 2201 1728 exa-

317 1770 439 1816 ctae
482 1757 553 1816 ad
596 1780 850 1818 normam
896 1761 1224 1821 recentioris
1269 1762 1695 1844 philosophiae,
1737 1765 2039 1837 historiae,
2077 1765 2199 1846 phi-

317 1852 580 1933 lologiae,
618 1867 672 1913 et
701 1853 929 1914 criticae
973 1855 1322 1917 sublimioris
1367 1859 1563 1919 cedere
1607 1859 1848 1920 debeant
1878 1861 2196 1921 sanioribus

317 1950 697 2010 doctrinarum
743 1950 1041 2032 principiis
1079 1955 1269 2033 (203).
1314 1956 1588 2015 Nimirum
1634 1980 1700 2016 ex
1750 1958 1981 2017 istorum
2028 1979 2195 2016 sensu

317 2060 530 2107 veteres
553 2069 748 2106 omnes
773 2049 1000 2131 pygmei
1026 2063 1183 2121 sunt,
1220 2051 1269 2110 si
1310 2052 1470 2111 novis
1506 2053 1662 2112 hisce
1692 2054 2014 2133 gigantibus
2045 2075 2196 2113 com-

318 2156 614 2226 parentur,
664 2145 761 2225 qui
806 2146 1080 2205 ecclesiae
1132 2146 1419 2207 doctrinae
1464 2149 1851 2208 adversantur.
1913 2150 2019 2207 Alii
2063 2172 2194 2209 vero

319 2241 573 2322 patribus
607 2242 714 2301 hac
752 2243 808 2300 in
854 2266 912 2302 re
955 2243 1289 2321 detrahunt,
1330 2245 1479 2326 quod
1524 2246 1833 2306 monastico
1864 2247 2064 2327 spiritu
2098 2247 2196 2304 im-

318 2338 469 2409 buti,
518 2339 687 2398 nimis
735 2340 995 2399 asceticis
1027 2340 1170 2400 ideis
1203 2341 1559 2420 indulgerent
1587 2344 1775 2421 (204).
1828 2342 1936 2400 Alii
1969 2343 2193 2402 demum

321 2455 426 2494 non
470 2448 729 2495 verentur
770 2436 1058 2496 adstruere
1096 2459 1294 2518 parum
1339 2437 1627 2497 fidendum
1674 2439 2010 2499 testimoniis
2047 2452 2195 2499 vete-

445 2666 554 2718 (201)
582 2669 639 2707 Ut
673 2668 814 2708 auctor
844 2669 1083 2720 Epistolar.
1116 2669 1170 2710 de
1198 2669 1592 2711 indissolubilitate
1627 2672 1913 2710 matrimonii.
2043 2718 2050 2724 .

442 2734 552 2786 (202)
579 2736 732 2776 Notum
752 2737 812 2776 est
830 2736 1101 2787 Augustinum
1121 2737 1318 2778 adversus
1343 2737 1577 2788 pelagianos
1607 2736 1810 2778 undecim
1827 2739 1963 2788 patres
1990 2737 2192 2787 laudasse3

314 2800 515 2852 synodum
551 2812 647 2841 vero
681 2803 984 2843 oecumenicam
1004 2803 1239 2855 ephesinam
1261 2803 1483 2843 duodecim
1507 2803 1715 2853 attulisse,
1746 2814 1897 2854 eosque
1929 2802 2090 2842 citimos
2125 2803 2193 2842 ad-

317 2879 458 2908 versus
492 2868 748 2919 Nestorium,
772 2880 877 2920 quos
896 2870 1082 2911 sufficere
1114 2871 1166 2910 ad
1199 2870 1453 2911 reddendum
1473 2871 1755 2912 testimonium
1780 2869 1873 2910 iidei
1902 2869 2093 2910 ecclesiae
2113 2870 2193 2909 exi-

316 2933 549 2974 stimarunt.
584 2934 647 2974 Cf.
671 2935 883 2975 Petavium
905 2939 966 2976 De
992 2939 1214 2977 incarnat.
1253 2937 1324 2976 lib.
1361 2939 1469 2977 XIV.
1497 2948 1532 2976 c.
1555 2939 1642 2976 XV.
1667 2948 1708 2976 n.
1739 2943 1759 2977 2
1781 2948 1893 2987 seqq.
1921 2936 1992 2975 ubi
2020 2935 2195 2975 ostendit

314 3000 636 3041 luculentissime
654 3002 914 3043 consuevisse
933 2992 1107 3043 concilia
1124 3006 1163 3044 et
1186 3005 1322 3055 patres
1343 3015 1425 3043 non
1445 3003 1495 3043 ab
1517 3005 1849 3055 antiquissimis,
1876 3002 1946 3042 sed
1966 3001 2016 3041 ab
2035 3004 2193 3042 citimis

315 3067 477 3118 potius,
511 3068 552 3106 et
573 3066 747 3106 recentis
765 3069 984 3108 memoriae
1003 3069 1242 3110 doctoribus
1273 3070 1533 3120 probationes
1564 3072 1604 3109 et
1633 3069 1867 3109 testimonia
1891 3068 2048 3107 afferre.
2075 3067 2193 3113 Quod

315 3133 504 3175 adductis
521 3133 875 3174 oecumenicarum
905 3136 1147 3187 ephesinae,
1181 3136 1544 3186 chalcedonensis,
1580 3136 1746 3186 quintae
1777 3136 1817 3176 et
1852 3136 1987 3175 sextae
2022 3134 2195 3184 synodo-

317 3213 407 3242 rum
443 3202 671 3254 exemplis,
701 3214 775 3243 nec
807 3213 887 3242 non
917 3203 1160 3254 Augustini,
1181 3203 1425 3243 Theodoreti
1445 3234 1456 3253 ,
1491 3204 1635 3254 cyrilli
1669 3206 1792 3251 alex.,
1829 3202 1979 3243 Gelasii
1998 3202 2201 3253 pontilicis

317 3269 360 3308 in
393 3268 630 3320 dogmatum
663 3269 986 3322 propugnatione
1015 3270 1212 3310 adversus
1241 3269 1468 3309 haereticos
1505 3270 1671 3310 evincit.

443 3338 551 3388 (203)
578 3340 638 3378 Ita
673 3339 781 3378 auct.
818 3349 885 3389 op.
926 3349 1051 3389 germ.
1087 3337 1271 3389 Leqalit.
1326 3337 1510 3378 divortii
1548 3337 1694 3378 civilis
1728 3339 1774 3377 in
1810 3338 2022 3377 Bavaria.
2060 3338 2196 3376 Mona-

315 3402 398 3442 chii
428 3409 541 3444 1810.
565 3414 658 3455 pag.
681 3407 728 3444 24
754 3414 870 3454 seqq.

441 3470 551 3521 (204)
579 3472 634 3510 Ut
662 3470 857 3510 Bernard.
892 3471 1020 3510 Sauer
1053 3470 1094 3509 in
1132 3472 1310 3510 Dissert.
1332 3471 1452 3510 circa
1477 3471 1665 3520 quaest„-
1690 3471 1771 3509 Est
1800 3480 1854 3509 nc
1873 3470 2071 3509 solutum
2095 3471 2189 3509 vin-

317 3535 406 3577 cul.
433 3538 603 3586 coniuq.
643 3536 696 3576 ob
723 3535 996 3577 adulterium
1031 3536 1217 3577 izcridice
1242 3535 1473 3585 definitum
1489 3539 1509 3575 Ρ
1531 3536 1734 3575 Manheim
1757 3541 1867 3577 1830.
1895 3547 1985 3586 pag.
2010 3542 2057 3576 22
2083 3546 2196 3586 seqq.
