2320 4030
394 280 509 337 142
636 298 740 337 Lm.
777 296 855 335 111.
893 293 1038 336 sacr.
1075 295 1293 338 ALTERA.
1318 297 1384 336 nn
1406 296 1598 338 mmss.
1628 299 1786 340 uun.
1818 300 2022 342 cnmsr.

387 420 516 459 esse
559 396 740 478 potuit
781 394 1005 469 mulier,
1055 418 1202 479 quae
1246 397 1304 457 id
1343 397 1570 459 fecisset
1608 399 1761 480 quod
1801 401 1993 482 alege
2035 404 2266 485 permit·-

388 495 637 565 tebatur‚
668 492 936 575 quodque
979 506 1099 553 erat
1130 494 1299 575 plane
1337 493 1690 573 legitimum?
1721 496 1840 555 Iam
1875 519 2006 558 vero
2048 511 2267 559 constat

385 613 452 650 ex
495 590 617 669 lege
659 589 911 650 mosaica
948 590 1239 651 mulierem
1271 613 1371 671 per
1406 591 1664 651 libellum
1707 593 1927 674 repudii
1966 594 2264 655 dimissam

384 687 639 769 potuisse
683 687 840 747 alteri
890 689 1011 748 viro
1047 711 1107 747 se
1154 711 1214 747 se
1265 688 1514 766 legitime
1566 690 1856 769 copulare:
1915 690 2023 750 hoc
2073 704 2265 773 aperte

382 785 630 844 ostendit
655 785 887 845 ‘divinus
911 786 1201 865 legislator
1232 785 1366 844 dum
1391 786 1502 844 ait:
1545 810 1572 842 «
1602 786 1855 868 Cumque
1894 809 2123 867 egressa
2160 791 2264 866 (re-

384 883 642 963 pudiata)
694 883 928 943 alterum
980 886 1241 942 maritum
1293 883 1592 943 duxerit.»
1627 885 1718 943 Vir
1765 907 1895 964 ergo
1942 884 2081 944 alter
2133 906 2262 945 vere

380 980 618 1039 maritus
662 980 918 1063 adeoque
963 981 1165 1040 mulier
1200 1003 1328 1040 vere
1380 1003 1520 1040 uxor
1579 982 1797 1041 censeri
1844 982 2030 1041 debet.
2091 981 2263 1041 Acce-

382 1075 466 1135 dit
508 1076 661 1157 quod
706 1078 987 1137 secundus
1032 1078 1199 1136 etiam
1245 1078 1482 1137 maritus
1528 1100 1640 1137 non
1676 1091 1867 1159 posset
1906 1079 2027 1138 sine
2070 1078 2261 1139 libello

381 1173 604 1255 repudii
653 1175 802 1235 hanc
844 1198 1075 1236 uxorem
1122 1176 1434 1247 dimittere;
1485 1198 1616 1256 ergo
1666 1189 1720 1236 et
1764 1178 1814 1237 is
1856 1199 2023 1237 verus
2075 1175 2262 1255 legiti-

378 1292 620 1352 musque
650 1272 884 1331 maritus
920 1285 974 1331 et
1003 1272 1101 1332 illa
1136 1294 1268 1333 vera
1299 1294 1364 1332 ac
1393 1272 1647 1352 legitima
1682 1295 1822 1333 uxor
1853 1273 2253 1334 censebantur.

378 1368 619 1449 Insuper
646 1369 875 1429 Levitici
927 1370 1070 1429 XXI.
1114 1370 1297 1430 Moses
1349 1370 1642 1452 prohibuit
1694 1391 1765 1429 ne
1828 1370 1947 1431 sive
2006 1390 2264 1431 summus

378 1466 646 1526 Sacerdos
694 1466 812 1526 sive
863 1468 1032 1526 ceteri
1078 1467 1398 1527 sacerdotes
1450 1466 1808 1528 matrimonio
1853 1489 1914 1527 se
1959 1466 2267 1545 coniunge-

378 1578 501 1624 rent
542 1586 669 1623 cum
711 1564 952 1623 dimissa
995 1565 1260 1624 muliere:
1305 1587 1436 1645 ergo
1494 1565 1698 1647 reliqui
1741 1565 1811 1626 de
1855 1565 2063 1649 populo
2108 1576 2264 1647 pote-

383 1674 508 1720 rant
558 1682 683 1720 eam
735 1660 984 1740 legitime
1028 1661 1234 1721 ducere
1272 1664 1419 1739 (81).

501 1756 587 1815 Ad
619 1756 895 1839 triplicem
926 1780 1058 1818 vero
1090 1758 1453 1840 hypothesim
1477 1781 1510 1818 a
1533 1757 1603 1818 cl.
1634 1770 1860 1818 auctore
1892 1757 2258 1840 propositam,

377 1853 692 1935 respondeo
724 1854 1088 1934 pollutionem
1113 1866 1165 1912 et
1189 1854 1664 1915 abominationem
1689 1855 1843 1914 haud
1887 1855 2066 1914 fuisse
2102 1854 2267 1913 sitam

377 1963 475 2009 aut
521 1950 577 2007 in
626 1950 980 2032 separatione
1018 1973 1051 2008 a
1089 1951 1271 2030 primo
1310 1952 1542 2023 marito,
1594 1965 1692 2010 aut
1734 1953 1790 2010 in
1834 1951 2190 2032 separatione
2232 1971 2266 2008 a

374 2046 656 2117 secundo,
687 2059 809 2117 aut,
858 2058 919 2104 ut
969 2058 1163 2105 auctor
1202 2047 1519 2117 contendit,
1570 2047 1627 2105 in
1671 2069 1770 2116 e0,
1821 2046 1973 2128 quod
2020 2046 2259 2104 dimissa

378 2142 450 2201 ad
496 2141 774 2202 secundas
833 2142 1061 2221 nuptias
1116 2141 1431 2212 transierit,
1480 2141 1580 2201 sed
1631 2141 1689 2199 in
1732 2164 1797 2201 eo
1839 2141 2024 2223 (quod
2070 2154 2264 2200 auctor

377 2240 631 2318 omisit),
673 2238 824 2321 quod
858 2238 1058 2298 mulier
1089 2261 1122 2297 a
1153 2238 1401 2299 secundo
1430 2238 1550 2298 viro
1586 2238 1826 2298 dimissa
1848 2287 1860 2309 ,
1896 2238 1982 2298 vel
2015 2261 2079 2298 eo
2112 2260 2259 2298 mor-

375 2348 471 2397 tuo
514 2337 716 2396 iterum
749 2337 820 2395 ad
851 2336 1094 2418 priorem
1123 2335 1307 2395 virum
1352 2334 1577 2396 rediret.
1618 2336 1768 2396 Haec
1800 2348 1886 2395 est
1914 2348 2114 2417 quarta
2150 2335 2258 2416 hy-

376 2432 631 2515 pothesis
664 2433 956 2505 addenda,
987 2455 1099 2492 non
1124 2445 1309 2491 autem
1341 2432 1399 2490 in
1433 2432 1540 2492 hoc
1573 2433 1787 2504 reditU,
1817 2433 1875 2490 in
1907 2433 2014 2491 hac
2045 2432 2261 2490 instau-

373 2531 590 2591 ratione
633 2530 879 2610 coniugii
938 2530 1143 2612 prioris
1189 2543 1316 2611 post
1360 2530 1600 2590 alterum
1642 2530 1967 2609 coniugium
2019 2527 2256 2609 pollutio

375 2640 430 2688 et
461 2627 805 2688 abominatio
835 2626 1034 2706 legalis
1057 2675 1069 2699 ,
1106 2639 1160 2685 et
1190 2627 1237 2686 si
1270 2626 1488 2709 placet,
1518 2626 1686 2686 etiam
1716 2625 1946 2685 moralis
1981 2637 2097 2684 tota
2125 2645 2258 2684 con-

374 2725 526 2785 sistit
574 2727 735 2804 (82),
781 2738 944 2807 prout
985 2723 1154 2806 paulo
1200 2724 1385 2783 fusius
1432 2747 1560 2784 mox
1611 2722 1974 2782 ostendemus
2019 2743 2254 2803 respon-

372 2822 557 2882 dendo
600 2821 1029 2882 difficultatibus
1074 2843 1221 2903 quae
1271 2821 1343 2880 ab
1388 2821 1514 2880 aliis
1561 2821 1784 2880 fuerunt
1826 2819 2168 2901 propositae.

495 2920 633 2978 Sunt
663 2919 812 2978 enim
856 2919 954 3000 qui
1000 2932 1290 2978 autumant
1331 2941 1431 3001 per
1466 2917 1718 2977 libellum
1751 2915 1971 2998 repudii
2007 2915 2252 2974 ablatam

372 3015 603 3097 quidem
648 3015 827 3074 fuisse
862 3038 1095 3095 poenam
1126 3015 1196 3074 ab
1241 3015 1312 3073 iis
1358 3016 1456 3096 qui
1487 3015 1644 3073 illum
1675 3012 1945 3072 uxoribus
1984 3010 2249 3070 tradidis-

374 3124 530 3184 sent,
581 3133 693 3171 non
740 3123 926 3170 autem
973 3113 1218 3191 culpam,
1269 3111 1409 3170 adeo
1450 3124 1512 3170 ut
1567 3121 1862 3191 peccarent
1897 3129 2085 3166 coram
2132 3108 2249 3167 Deo

372 3210 470 3292 qui
518 3209 597 3268 ita
635 3230 697 3268 se
734 3220 1017 3288 gererent,
1055 3208 1186 3266 licet
1238 3208 1449 3266 nullam
1502 3228 1740 3289 poenam
1784 3204 2018 3284 legalem
2062 3205 2250 3262 incur-

372 3321 575 3368 rerent.
620 3306 797 3388 quue
827 3305 1097 3385 colligunt
1138 3327 1205 3363 ex
1249 3304 1459 3364 Christi
1502 3303 1691 3364 verbis
1728 3327 1755 3359 r<
1790 3302 2014 3383 Moyses
2046 3299 2119 3360 ad
2150 3299 2248 3359 du-

492 3493 574 3546 (81)
595 3493 659 3534 Cf.
679 3494 831 3544 Drach,
854 3495 926 3534 Du
946 3492 1122 3534 divorce
1141 3490 1253 3533 dans
1282 3490 1329 3532 la
1349 3493 1615 3544 Synaqoyue.
1638 3491 1766 3530 Rome
1793 3491 1907 3530 1840.
1926 3486 2131 3528 premiere
2159 3496 2249 3537 epo-

370 3572 451 3613 que
475 3560 948 3681 §('8123⁷'dsr.⁰1iiiniilerium
977 3628 1017 3668 in
1047 3627 1133 3668 h.l.
1154 3626 1433 3677 pentateuchi,
1452 3625 1493 3668 et
1512 3624 1721 3667 sanctium
1752 3623 1795 3664 in
1822 3633 1911 3675 cap.
1935 3624 1986 3663 ΙΙ.
2003 3620 2175 3663 Malach.
