2320 4030
371 251 443 308 32
664 265 763 308 mn.
795 264 873 306 111.
903 261 1044 304 sacr.
1079 261 1117 301 1.
1150 263 1214 301 nr:
1245 262 1407 301 ΜΑΤΒ.
1438 261 1642 300 cnmsr.
1673 261 1911 302 υΝιτΑτε,

368 382 475 426 tur.
513 364 797 446 Siquidem
840 363 978 421 istae
1020 361 1361 443 exceptionis
1408 361 1586 419 instar
1617 372 1772 431 sunt,
1809 383 2044 441 quarum
2079 360 2220 420 ratio

370 462 560 521 haberi
604 460 796 540 nequit
839 480 961 517 cum
1008 459 1193 538 agitur
1223 458 1292 517 de
1324 458 1427 528 iis,
1467 479 1610 539 quae
1642 457 2006 516 communiter
2044 458 2223 517 solent

368 558 700 635 contingere.
739 556 876 613 Nam
909 577 999 614 ars
1033 554 1264 635 perinde
1307 575 1371 612 ac
1418 553 1503 614 lex
1546 576 1611 612 ea
1655 574 1799 634 quae
1844 554 2065 612 nonnisi
2100 577 2223 613 raro

369 651 664 711 admodum
719 650 980 709 accidunt
1023 672 1132 709 non
1178 662 1423 731 spectat,
1469 650 1566 708 sed
1612 671 1678 708 ea
1720 671 1865 728 quae
1908 649 2224 730 frequenter

367 763 532 829 atque
573 760 634 806 ut
677 746 978 827 plurimum
1023 746 1246 806 evenire
1290 758 1697 806 consueverunt
1725 748 1871 824 (74).

486 843 636 903 Alter
680 843 844 914 finis,
890 843 987 924 qui
1026 844 1083 901 in
1129 832 1276 902 recta
1325 842 1495 924 prolis
1538 843 1885 902 institutione
1928 844 2218 911 consistit,

365 962 527 1020 aegre
573 939 792 1020 pariter*
822 953 917 998 aut
957 939 1049 997 vix
1091 939 1318 999 omnino
1361 939 1670 1019 comparari
1703 953 1911 1020 potest:
1951 939 2121 1021 idque
2152 940 2223 999 ob

367 1036 705 1119 peculiarem
737 1035 1089 1095 dilectionem
1123 1059 1291 1118 quam
1323 1035 1556 1094 maritus
1587 1057 1719 1115 erga
1748 1059 1916 1095 unam
1949 1059 2082 1118 prae
2112 1037 2224 1096 alia

365 1155 535 1193 uxore
578 1132 811 1192 affectus
856 1146 958 1191 est.
999 1132 1122 1201 Qua
1166 1131 1598 1213 praedilectione
1629 1131 1723 1203 fit,
1758 1146 1819 1191 ut
1849 1133 1969 1191 eius
2002 1156 2225 1215 quoque

366 1230 513 1289 filios
559 1229 793 1288 aliarum
840 1228 973 1288 filiis
1019 1229 1293 1311 praeferat
1322 1251 1447 1288 cum
1481 1241 1784 1287 ceterorum
1832 1229 2037 1289 damno
2081 1252 2222 1311 quos

365 1339 461 1386 aut
503 1325 762 1404 negligit,
801 1337 897 1383 aut
926 1338 1074 1384 certo
1106 1347 1216 1384 non
1249 1323 1468 1405 aequali
1515 1345 1701 1382 amore
1745 1345 1808 1383 ac
1854 1324 2225 1385 sollicitudine

366 1422 629 1504 prosequi
664 1421 822 1480 solet.
861 1421 1032 1481 Cuius
1067 1421 1144 1480 rei
1177 1434 1594 1481 monumentum
1628 1419 1920 1478 indubium
1951 1421 2224 1482 habemus

366 1520 423 1579 in
470 1519 714 1580 mosaica
771 1518 1153 1598 legislatione,
1206 1519 1261 1576 in
1308 1540 1420 1599 qua
1464 1516 1631 1598 paulo
1674 1530 1800 1598 post
1844 1517 2100 1599 superius
2146 1519 2227 1577 al-

367 1617 547 1697 legata
589 1615 792 1675 verba:
840 1615 950 1672 «Si
984 1616 1243 1674 habuerit
1286 1615 1452 1674 homo
1498 1635 1698 1673 uxores
1743 1614 1885 1673 duas
1929 1636 2098 1673 unam
2143 1615 2230 1673 di-

365 1714 590 1784 lectam,
641 1725 694 1771 et
737 1711 965 1770 alteram
1011 1712 1310 1772 odiosam»
1347 1711 1637 1770 subditur:
1680 1711 2134 1792 «genuerintque
2162 1734 2229 1770 ex

366 1832 430 1870 eo
473 1810 712 1879 liberOS‚
765 1821 818 1868 et
863 1809 1027 1868 fuerit
1070 1809 1222 1867 filius
1266 1808 1493 1868 odiosae
1537 1808 1978 1888 primogenituS‚
2027 1807 2228 1867 volue-

366 1907 546 1987 ritque
592 1905 965 1965 substantiam
1012 1905 1156 1962 inter
1199 1904 1344 1963 filios
1390 1887 1523 1962 suos
1567 1903 1843 1962 dividere:
1882 1924 1991 1962 non
2029 1905 2230 1984 poterit

368 2003 543 2061 filium
574 2001 809 2060 dilectae
840 2000 1023 2059 facere
1055 1999 1485 2080 primogenitum
1512 2048 1522 2069 ,
1552 2012 1605 2057 et
1631 1999 1908 2079 praeferre
1932 1998 2049 2058 filio
2071 2000 2229 2060 odio—

367 2121 483 2171 sae,
523 2099 621 2157 sed
654 2098 830 2156 filium
873 2097 1102 2157 odiosae
1147 2108 1411 2176 agnoscet
1461 2096 1891 2176 primogenitum
1935 2098 2124 2174 (75).»
2148 2098 2227 2155 Ex

366 2195 572 2277 quibus
604 2207 755 2275 patet
786 2215 955 2276 quam
995 2215 1234 2273 pronum
1274 2192 1486 2251 homini
1520 2191 1594 2250 sit
1623 2190 1694 2249 ob
1727 2190 2025 2272 specialem
2078 2207 2229 2274 praess

367 2290 718 2352 dilectionem
737 2339 748 2361 ,
778 2313 901 2372 qua·
921 2290 1092 2349 fertur
1116 2290 1173 2347 in
1197 2311 1367 2348 unam
1399 2310 1650 2358 uxorem,
1680 2288 1848 2347 huius
1873 2288 2051 2367 gratia
2081 2288 2228 2348 filios

366 2409 432 2447 ex
461 2410 528 2447 ea
560 2387 881 2468 progenitos
928 2399 1265 2467 anteponere
1295 2384 1429 2444 filiis
1462 2384 1690 2443 alterius
1735 2384 1920 2442 minus
1965 2383 2220 2443 dilectae.

484 2486 566 2543 De
609 2484 768 2543 tertio
814 2483 956 2553 fine,
993 2475 1089 2563 qui
1123 2496 1208 2542 est
1242 2481 1547 2541 remedium
1597 2480 2085 2560 concupiscentiae
2116 2480 2226 2538 iam

365 2580 607 2639 diximus
652 2580 808 2638 illum
851 2578 1088 2638 obtineri
1134 2578 1293 2639 haud.
1330 2599 1530 2658 posse,
1576 2577 1712 2658 quin
1757 2598 1989 2637 necesse
2020 2577 2093 2636 sit
2123 2577 2227 2635 hac

364 2678 421 2736 in
458 2700 515 2736 re
546 2676 757 2735 diutius
801 2676 1081 2735 insistere.

487 2774 643 2844 Quae
685 2773 912 2854 quidem
958 2773 1145 2832 omnia
1187 2773 1587 2832 confirmantur
1620 2794 1684 2831 ex
1730 2773 1835 2843 iis,
1886 2794 2031 2854 quae
2074 2794 2229 2853 prae-

367 2870 514 2929 clare
556 2869 702 2927 hanc
746 2869 801 2926 in
848 2890 962 2926 rem
1009 2868 1202 2927 scribit
1244 2867 1546 2948 Angelicus
1591 2868 1813 2927 doctor:
1869 2892 1896 2922 «
1933 2866 2228 2925 Pluralitas

362 2987 595 3026 uxorum
643 2988 824 3045 neque
868 2965 1106 3024 totaliter
1164 2965 1335 3036 tollit⁷
1386 2988 1566 3045 neque
1625 2964 1945 3044 aliqualiter
1994 2964 2227 3044 impedit

365 3061 606 3142 primum
653 3060 819 3118 finem
869 3060 1318 3136 (matrimonii),
1347 3082 1473 3118 cum
1517 3082 1664 3117 unus
1708 3059 1793 3118 vir
1836 3059 2080 3117 sufficiat
2111 3059 2227 3139 plu-

365 3156 521 3216 ribus
577 3155 844 3215 uxoribus
905 3155 1346 3226 foecundandis‚
1397 3169 1449 3213 et
1493 3154 1802 3213 educandis
1856 3155 1987 3214 filiis
2034 3177 2098 3213 ex
2143 3156 2224 3214 eis

366 3253 539 3312 natis:
590 3252 688 3312 sed
735 3252 1044 3311 secundum
1077 3251 1245 3310 finem
1276 3252 1380 3310 etsi
1414 3273 1525 3310 non
1558 3250 1797 3310 totaliter
1829 3251 2001 3321 tollit,
2041 3265 2222 3310 tamen

367 3348 599 3410 multum
631 3347 899 3430 impedit,
935 3369 1001 3407 eo
1031 3347 1181 3428 quod
1215 3369 1323 3406 non
1358 3347 1518 3407 facile
1556 3359 1737 3428 potest
1768 3368 1895 3407 esse
1926 3369 2033 3427 pax
2064 3347 2118 3403 in
2152 3346 2227 3404 fa—

486 3505 569 3554 (74)
597 3507 642 3545 L.
665 3503 853 3545 Namad
871 3515 923 3544 ea
946 3504 990 3544 fs.
1010 3506 1073 3544 De.
1102 3503 1279 3555 lembus.

485 3571 565 3619 (75)
595 3571 712 3611 Dent.
739 3572 844 3611 xxl.
868 3573 993 3611 15-17.
