2320 4030
470 290 581 330 cn.
614 291 649 328 1.
681 291 742 329 nr:
768 288 1053 329 roLYGAmA
1083 288 1423 329 ειΜυι-ΤΑΝΕΑ.
1452 286 1566 325 mr.
1591 286 1666 324 111.
1893 267 1963 321 35

127 388 376 456 vetitam,
422 408 519 445 seu
560 388 610 445 ei
649 386 898 445 absolute
929 405 1039 443 non
1070 384 1353 443 adversari
1388 385 1504 443 sive
1535 396 1661 449 ante
1693 383 1810 440 sive
1842 397 1966 461 post

126 483 395 541 diluvium
421 532 432 553 ,
484 482 747 562 nullaque
797 479 1028 561 proinde
1071 500 1211 560 opus
1256 480 1430 538 fuisse
1466 528 1477 549 ,
1527 492 1621 538 aut
1662 478 1827 536 tacita
1872 491 1967 535 aut

126 599 388 658 expressa
428 578 617 637 divina
658 573 1104 655 dispensatione,
1155 572 1407 653 inspecta
1457 574 1579 654 ipsa
1630 572 1964 631 matrimonii

128 673 412 751 primaeva
439 671 802 739 institutione,
838 682 1003 749 atque
1033 680 1236 726 attenta
1267 680 1483 748 patrum
1514 668 1785 738 doctrina,
1815 668 1966 726 haud

126 768 353 827 difficile
392 767 609 828 videtur
649 763 865 824 ostendi
910 786 1095 844 posse.

249 864 389 921 Sane
431 883 601 943 quum
644 861 793 919 Deus
845 859 1083 918 instituit
1132 859 1477 939 primaevum
1529 858 1670 917 inter
1713 872 1969 940 protopa-

130 971 307 1016 rentes
348 971 565 1017 nostros
609 956 927 1035 coniugium
967 954 1187 1013 nonnisi
1231 977 1395 1012 unam
1425 954 1633 1012 Hevam
1678 957 1776 1012 uni
1816 955 1968 1014 Adae

126 1054 414 1131 coniugem
449 1053 628 1122 dedit,
670 1073 779 1133 quo
812 1051 954 1110 facto
997 1049 1237 1109 ostendit
1278 1050 1684 1128 monogamiam
1726 1050 1967 1109 hominis

127 1147 429 1206 conditioni
473 1169 804 1226 congruere,
844 1159 897 1205 et
929 1145 1341 1224 adsignificavit
1376 1145 1525 1203 hunc
1555 1145 1605 1203 ei
1637 1158 1838 1204 statum
1871 1167 1971 1204 na—

127 1242 358 1300 turalem
400 1264 552 1312 esse,
598 1262 868 1321 suamque
910 1262 1018 1299 non
1062 1239 1297 1300 obscure
1347 1240 1564 1321 aperuit
1603 1241 1961 1299 voluntatem.

127 1335 416 1416 Alioquin,
447 1350 606 1417 prout
629 1350 811 1416 patres
842 1336 1307 1406 animadvertunt,
1338 1334 1526 1415 plures
1549 1336 1817 1394 foeminas
1841 1358 1972 1395 con—

127 1431 393 1503 didisset,
437 1455 580 1512 quae
609 1433 660 1491 ei
690 1431 874 1491 sociae
916 1445 1104 1490 essent
1144 1445 1197 1490 et
1236 1431 1532 1510 coniuges;
1569 1454 1633 1491 eo
1661 1431 1747 1491 vel
1791 1433 1968 1510 magis

128 1527 276 1605 quod
325 1526 597 1585 eiusmodi
650 1526 941 1585 mulierum
987 1548 1249 1585 numerus
1292 1526 1593 1607 plurimum
1646 1527 1973 1586 contulisset

129 1621 199 1678 ad
246 1621 472 1681 humani
511 1623 728 1701 generis
769 1623 1219 1703 propagationem
1263 1644 1329 1681 ex
1374 1623 1497 1703 ipsa
1540 1624 1843 1682 intentione
1871 1624 1969 1681 Dei

129 1716 365 1776 dicentis
416 1717 859 1798 progenitoribus
911 1718 1101 1799 ipsis:
1158 1718 1466 1777 «Crescite
1524 1733 1577 1777 et
1636 1718 1973 1799 multiplica-

130 1811 265 1868 mini
295 1813 413 1888 (79)
432 1836 481 1869 .»

249 1906 390 1964 Hinc
428 1907 830 1966 Tertullianus:
866 1932 893 1964 «
923 1908 991 1965 Et
1022 1907 1147 1966 ideo
1189 1907 1357 1966 homo
1386 1907 1487 1964 Dei
1517 1907 1722 1978 Adam,
1757 1908 1967 1988 inquit,

129 2012 183 2057 et
224 2000 422 2059 mulier
463 2002 561 2060 Dei
605 2002 755 2072 Eva,
805 2002 933 2060 unis
978 2003 1120 2060 inter
1163 2025 1223 2061 se
1268 2001 1480 2082 nuptiis
1526 2001 1698 2060 suncti
1743 2002 1973 2061 formam

134 2095 451 2156 hominibus
493 2098 626 2168 Dei,
674 2098 745 2156 de
786 2098 1018 2176 originis
1063 2098 1383 2156 auctoritate
1407 2146 1418 2167 ,
1455 2112 1509 2156 et
1540 2098 1719 2177 prima
1750 2099 1851 2156 Dei
1882 2121 1976 2158 vo-

131 2190 300 2250 lutate
349 2206 671 2252 sanxerunt.
721 2193 1007 2274 Denique,
1058 2206 1217 2251 erunt
1257 2193 1401 2263 duo,
1452 2193 1663 2273 inquit,
1714 2194 1770 2250 in
1814 2216 1977 2252 carne

131 2307 273 2357 una,
324 2309 433 2346 non
480 2300 589 2346 tres
633 2310 812 2369 neque
854 2300 1110 2369 quatuor.
1159 2287 1458 2368 Alioquin,
1511 2288 1622 2345 iam
1666 2309 1775 2346 non
1818 2311 1969 2359 una,

134 2403 233 2440 nec
268 2382 378 2442 duo
409 2385 465 2441 in
495 2406 661 2443 unam
698 2406 920 2444 carnem
949 2386 1138 2462 (80).»
1167 2384 1259 2442 Sic
1289 2406 1337 2442 s.
1358 2384 1729 2465 Hieronymus
1775 2385 1978 2464 pariter

137 2477 357 2536 scribit:
391 2479 559 2538 «Una
590 2493 743 2540 costa
767 2502 798 2538 a
820 2480 1094 2562 principio
1134 2480 1192 2537 in
1221 2502 1390 2538 unam
1422 2502 1644 2539 carnem
1674 2503 1837 2557 versa
1866 2495 1969 2540 est.

137 2570 204 2628 Et
237 2587 424 2644 erunt,
473 2576 682 2656 inquit,
713 2576 825 2636 duo
856 2576 913 2633 in
944 2598 1111 2635 carne
1140 2598 1283 2647 una,
1320 2599 1432 2635 non
1476 2590 1586 2633 tres
1632 2598 1811 2656 neque
1840 2599 1977 2656 qua-

139 2678 288 2734 tuor,
324 2665 568 2747 alioquin
598 2670 708 2727 iam
739 2692 848 2729 non
887 2670 998 2729 duo
1029 2671 1075 2729 si
1108 2671 1296 2750 plures
1325 2673 1446 2747 (81)
1465 2694 1515 2727 .»
1544 2670 1633 2728 Sic
1662 2670 1758 2727 alii
1789 2684 1975 2750 patres

141 2779 370 2836 passim.

258 2853 411 2922 Quae
440 2857 852 2929 confirmantur,
889 2872 948 2917 ut
976 2872 1142 2939 patet,
1180 2859 1342 2917 etiam
1374 2881 1440 2916 ex
1470 2859 1724 2918 adductis
1756 2873 1972 2940 patrum

138 2948 464 3007 testimoniis
487 2997 499 3019 ,
547 2973 646 3030 per
687 2951 811 3031 ipsa
852 2952 1020 3012 verba
1063 2953 1132 3010 ab
1162 2952 1338 3011 Adam
1368 2954 1481 3012 Deo
1513 2954 1820 3034 inspirante
1850 2979 1977 3037 pro-

136 3040 239 3099 lata
294 3064 418 3100 cum
462 3045 669 3105 Hevam
712 3048 949 3127 primum
995 3048 1279 3128 adspexit:
1316 3048 1480 3107 «Hoc
1511 3072 1657 3108 nunc
1687 3072 1749 3109 os
1780 3073 1843 3110 ex
1887 3073 1976 3110 os-

137 3136 290 3195 sibus
333 3139 499 3211 meiS,
535 3153 587 3199 et
616 3163 744 3201 caro
772 3142 841 3201 de
871 3165 1035 3202 carne
1077 3144 1659 3214 mea...Quamobrem
1705 3146 1977 3227 relinquet

138 3232 301 3293 homo
332 3248 541 3315 patrem
580 3260 777 3310 suum,
815 3253 867 3298 et
897 3253 1157 3312 matrem,
1193 3254 1246 3300 et
1274 3240 1599 3300 adhaerebit
1627 3243 1783 3301 uxori
1817 3264 1972 3314 suae,

255 3404 335 3453 (79)
363 3406 505 3445 Gencs.
528 3410 558 3445 Ι.
583 3413 644 3447 28.

253 3469 334 3519 (80)
365 3472 423 3510 Dc
448 3472 665 3513 exlcorlat.
688 3477 882 3516 cascicac.
898 3488 985 3527 cap.
1010 3480 1056 3516 V.
1077 3477 1141 3517 cd.
1162 3477 1306 3527 Rigalt.

257 3533 336 3583 (Sl)
362 3535 447 3575 Lib.
472 3539 502 3577 1.
522 3538 679 3579 advers.
702 3541 898 3581 Iovinian.
922 3553 960 3582 n.
988 3546 1044 3583 112.
1066 3543 1127 3583 ed.
1148 3543 1318 3583 vallars.
1346 3545 1441 3583 toni.
1466 3546 1514 3583 ΙΙ,
1532 3545 1609 3583 col.
1635 3552 1718 3585 263.

1821 3616 1855 3646 ης
