2320 4030
382 233 495 289 104
677 252 777 290 Lm.
816 250 892 289 111.
931 250 1073 290 sacr.
1114 251 1150 289 1.
1189 252 1252 290 m:
1286 253 1441 291 MATR.
1473 252 1674 293 cuiusr.
1707 255 1945 296 υΝιΤΑΤΕ.

379 350 605 431 quidem
631 347 907 407 interdum
935 361 1089 407 terna
1121 363 1180 408 ut
1217 351 1338 431 ipse
1370 350 1644 431 loquitur,
1679 365 1733 411 et
1755 367 2023 433 quaterna
2048 356 2240 415 coniu-

378 447 489 525 gia,
518 468 621 503 non
654 458 762 503 tam
792 447 1044 526 com'uqia
1078 446 1239 518 dicit,
1271 470 1439 527 quam
1484 447 1885 507 «miseriarum
1917 450 2120 510 solatia
2146 500 2156 522 ,
2194 466 2247 510 et

378 555 674 600 extremam
701 540 947 600 tabulam
974 543 1371 623 naufragorum
1403 545 1556 621 (92);
1586 569 1613 599 »
1649 544 1931 603 interdum
1963 568 2094 606 vero
2141 547 2247 606 hoc

377 659 488 695 uno
518 637 744 696 nomine
774 639 1093 698 tolerandas
1126 640 1369 698 affirmat
1399 641 1589 699 tertias
1624 642 1884 722 nuptias,
1921 643 2071 723 quod
2096 666 2250 725 prae-

378 735 637 795 ferendae
683 736 794 795 sint
834 759 959 796 cum
1007 737 1264 818 pluribus
1318 738 1639 796 scortationi
1685 738 1913 797 dicens:
1970 763 1998 794 «
2028 738 2250 798 Tolera-

376 832 548 892 bilius
594 846 678 891 est
720 833 816 891 uni
864 833 1079 893 homini
1126 834 1479 914 prostitutam
1517 855 1646 893 esse
1689 856 1857 916 quam
1895 834 2118 893 multis:
2172 835 2252 894 si-

377 932 604 1014 quidem
642 946 697 992 et
729 933 825 992 illa
871 934 927 991 in
975 933 1265 1013 evangelio
1302 934 1529 993 Ioannis
1563 934 1906 993 samaritana
1941 946 2158 993 sextum
2190 955 2251 993 se

379 1028 584 1088 habere
626 1029 888 1088 maritum
933 1030 1163 1100 dicens,
1208 1029 1461 1109 arguitur
1496 1052 1530 1087 a
1563 1030 1801 1089 Domino
1840 1030 1989 1110 quod
2027 1051 2137 1089 non
2178 1029 2253 1088 sit

375 1126 459 1185 vir
501 1126 643 1185 eius.
698 1126 802 1185 Ubi
832 1126 981 1185 enim
1027 1148 1294 1185 numerus
1340 1126 1667 1185 maritorum
1698 1139 1817 1197 est,
1861 1126 1939 1183 ibi
1975 1126 2100 1196 vir,
2151 1126 2246 1206 qui

377 1223 601 1302 proprie
643 1244 791 1281 unus
837 1236 954 1293 est,
1002 1244 1129 1282 esse
1174 1222 1344 1281 desiit
1380 1222 1500 1298 (93)
1531 1269 1541 1293 ‚
1576 1245 1604 1277 »
1653 1233 1707 1280 et
1737 1221 1872 1280 alibi
1913 1222 2126 1302 passim
2159 1243 2250 1280 ea-

376 1318 503 1377 dem
543 1320 743 1401 repetit
791 1321 941 1398 (94).

498 1417 607 1474 Nec
651 1417 722 1475 ab
765 1417 873 1476 hac
912 1418 1189 1476 sententia
1223 1417 1547 1496 discrepare
1585 1416 1807 1476 videtur
1838 1438 1885 1475 s.
1925 1416 2250 1496 Fulgentius

376 1511 472 1592 qui
519 1511 825 1591 bigamiam
871 1525 1085 1571 tantum
1132 1526 1229 1571 aut
1272 1511 1589 1591 trigamiam
1635 1535 1704 1571 ex
1744 1512 2092 1591 indulgentia
2129 1533 2253 1593 per-

376 1610 610 1668 missam
642 1609 804 1668 docet
831 1658 843 1680 ,
882 1631 984 1668 nec
1013 1609 1251 1668 ulterius
1285 1608 1640 1690 progreditur
1675 1611 1795 1686 (95)
1823 1634 1834 1680 ;
1869 1630 1972 1667 nec
2001 1629 2111 1666 non
2142 1607 2253 1665 He-

377 1705 575 1764 rardus
619 1706 940 1765 turonensis
985 1705 1324 1787 episcopus9
1367 1705 1465 1786 qui
1512 1705 1656 1763 inter
1698 1704 1946 1785 capitula
1979 1726 2012 1763 a
2051 1725 2111 1763 se
2141 1702 2254 1762 col-

375 1803 550 1874 lecta,
579 1802 686 1862 hoc
717 1804 882 1861 etiam
909 1803 1180 1862 inseruit:
1238 1828 1264 1859 ι(
1293 1802 1490 1860 Nullus
1528 1802 1709 1860 laicus
1746 1801 1873 1883 plus
1910 1823 2081 1882 quam
2111 1800 2252 1859 duas

376 1921 578 1958 uxores
619 1899 857 1958 habeat:
902 1899 1053 1979 quod
1101 1911 1255 1958 extra
1301 1912 1424 1969 est,
1476 1898 1547 1956 ad
1592 1897 1929 1955 adulterium
1975 1896 2246 1976 pertinet,

378 1995 637 2054 similiter
679 2011 732 2054 et
774 1994 975 2053 mulier
1023 1998 1170 2073 (96).
1207 2020 1233 2049 »
1286 1996 1349 2051 In
1395 1993 1782 2053 Poenitentiali
1830 2014 2059 2052 romano
2101 1992 2252 2073 apud

375 2090 668 2170 Hugonem
711 2091 1037 2149 Menardum
1087 2091 1156 2149 ad
1202 2090 1409 2148 librum
1455 2102 1935 2149 sacramentorum
1960 2111 2007 2147 s.
2049 2089 2253 2167 Grego-

379 2187 445 2244 rii
486 2188 556 2245 M.
587 2188 949 2247 constitutum
975 2201 1089 2247 est:
1133 2187 1238 2244 «Si
1273 2186 1574 2245 cuiuslibet
1604 2185 1852 2244 hominis
1886 2198 2102 2244 mortua
2133 2185 2253 2243 fue-

379 2283 451 2342 rit
492 2306 660 2355 uxor,
712 2283 880 2342 habet
924 2296 1252 2365 potestatem
1296 2283 1550 2363 accipere
1581 2282 1840 2340 alteram:
1893 2281 2151 2341 similiter
2199 2295 2252 2340 et

377 2380 599 2438 mulier.
657 2380 713 2437 Si
766 2380 987 2440 tertium
1039 2379 1360 2461 acceperit,
1407 2379 1617 2437 ieiunet
1655 2378 2041 2437 hebdomadas
2102 2390 2244 2435 tres:

379 2477 425 2536 si
493 2490 753 2558 quartum
816 2477 1091 2559 acceperit
1125 2526 1136 2546 ,
1207 2476 1418 2535 ieiunet
1484 2475 1867 2535 hebdomadas
1931 2474 2129 2554 viginti
2198 2487 2252 2532 et

378 2595 548 2632 unam
599 2576 746 2652 (97).
782 2599 809 2630 »

500 2670 651 2729 Haec
693 2670 922 2751 quidem
964 2670 1261 2729 verissima
1299 2683 1468 2740 sunt,
1515 2669 1931 2749 ostenduntque
1976 2667 2249 2726 ecclesiae

380 2765 640 2846 spiritum
685 2777 941 2846 respectu
984 2765 1274 2825 viduitatis
1325 2779 1378 2824 et
1421 2764 1735 2833 castitatis,
1789 2777 2031 2822 ceterum
2086 2784 2250 2821 nemo

507 2900 589 2949 (92)
621 2902 678 2939 1η
699 2901 856 2939 lerem.
881 2900 951 2939 lib.
969 2901 1040 2939 111.
1065 2911 1153 2951 cap.
1170 2906 1230 2940 16.
1254 2900 1335 2939 vol.
1354 2907 1387 2939 1.
1416 2911 1509 2950 opp.
1546 2898 1611 2938 esi.
1650 2898 1825 2938 vallars.
1850 2899 1950 2936 tom.
1968 2898 2036 2935 lV.
2057 2896 2134 2935 col.
2159 2902 2247 2936 951.

508 2965 590 3015 (93)
618 2965 708 3006 Lib.
742 2968 776 3005 1.
797 2965 891 3005 adV.
914 2967 1114 3006 Ioviniau.
1141 2967 1205 3006 ed.
1229 2966 1299 3006 cit.
1322 2969 1421 3006 tom.
1448 2969 1500 3006 11.
1523 2966 1601 3005 col.
1626 2971 1713 3005 263.

510 3033 592 3079 (94)
621 3035 677 3072 Ut
695 3033 737 3071 in
758 3044 822 3083 ep.
855 3033 907 3072 ad
940 3034 1210 3084 Ageruchiam
1242 3034 1293 3073 de
1313 3034 1568 3084 monogamia
1597 3033 1662 3072 ed.
1685 3032 1754 3071 cil.
1783 3042 1822 3070 n.
1849 3037 1936 3070 123.
1970 3042 2075 3081 quae
2091 3032 2176 3069 tota
2196 3034 2259 3070 est

377 3101 427 3140 de
459 3100 535 3139 hoc
574 3100 843 3149 argumento,
880 3098 950 3137 ubi
988 3099 1040 3137 ad
1084 3099 1410 3149 persuadendam
1460 3098 1759 3147 monogamiam
1798 3096 1989 3146 pleraque
2026 3096 2254 3147 desumpsit

378 3178 427 3206 ex
465 3164 742 3214 TertullianO,
783 3164 857 3204 etsi
897 3164 1060 3204 diversa
1091 3166 1259 3204 omnino
1292 3166 1440 3204 mente.
1478 3167 1580 3204 Nam
1620 3162 1896 3202 Tertullianus
1920 3165 1967 3201 ut
1998 3163 2252 3213 illegitimam

379 3232 650 3284 polygamiam
681 3231 953 3271 successivam
980 3230 1183 3280 traducit3
1214 3231 1356 3270 contra
1388 3241 1487 3270 vero
1516 3241 1550 3269 s.
1574 3230 1847 3280 Hieronymus
1874 3228 1925 3268 ab
1945 3240 1990 3269 ea
2009 3229 2177 3270 abducit
2194 3231 2252 3269 vi-

381 3299 485 3338 duos
513 3299 583 3338 aut
604 3297 752 3337 viduas
787 3296 955 3336 maioris
981 3296 1238 3348 perfectionis
1270 3307 1408 3336 causa.

512 3367 596 3413 (95)
628 3366 687 3402 De
715 3362 826 3403 Fide
854 3362 912 3402 ad
939 3365 1058 3402 Petr.
1086 3373 1174 3413 capr
1200 3368 1237 3402 3.
1259 3373 1299 3401 n.
1323 3365 1387 3402 43.
1412 3363 1513 3401 Item
1532 3373 1568 3401 c.
1596 3365 1658 3401 41.
1683 3373 1722 3400 n.
1748 3368 1809 3403 83.
1834 3362 1898 3401 ed.
1921 3361 2049 3402 Paris.
2078 3366 2187 3402 1684.

510 3429 591 3480 (96)
619 3431 667 3470 N.
690 3432 793 3470 CXI.
825 3430 935 3481 apud
959 3429 1086 3470 Labb.
1110 3430 1208 3468 tom.
1235 3430 1345 3469 Vlll.
1367 3429 1513 3469 concil.
1539 3440 1577 3479 p.
1603 3434 1695 3471 635,
1721 3429 1861 3469 floruit
1887 3429 2022 3468 autem
2052 3428 2255 3469 Hererdus

381 3508 444 3536 an.
477 3503 567 3536 858.

515 3564 596 3613 (97)
625 3568 728 3614 opp.
768 3575 800 3602 s,
825 3565 945 3614 Greg.
967 3563 1031 3603 ed.
1056 3565 1186 3602 Maur.
1214 3564 1312 3602 tom.
1340 3564 1406 3601 lll.
1433 3562 1510 3601 col.
1539 3565 1628 3601 469.
