2320 4030
440 308 553 349 cst.
577 308 635 348 11.
655 309 719 347 nn
743 305 1032 347 romanu
1064 304 1389 356 SUGQESSIVA.
1417 304 1534 344 ΛΒΤ.
1554 304 1590 343 1.
1866 286 1940 342 75

102 409 207 468 isto
249 407 614 466 montanistas
651 403 932 465 novatiani
975 391 1174 461 imitati
1211 394 1359 461 sunt.
1397 403 1511 463 Hos
1541 392 1734 462 omnes
1768 395 1944 461 eecle-

103 503 187 563 sia
230 502 507 562 catholica
550 499 849 560 damnavit.
1133 487 1136 490 Δ
1213 487 1218 492 ’
1595 488 1597 492 ’
1724 486 1749 520 ·.
1831 487 1833 490 Α

221 598 370 658 Licet
412 610 595 657 autem
637 595 873 656 ecclesia
915 581 1189 653 eiusmodi
1233 615 1474 653 errorem
1518 594 1939 675 proscripserit,

101 705 340 753 attamen
364 693 550 751 minus
581 712 799 771 semper
830 709 1166 769 propensam
1190 709 1251 747 se
1273 687 1524 747 exhibuit
1558 710 1690 781 erga
1722 690 1948 771 nuptias

100 789 448 878 successivas
491 785 818 873 praesertim
861 786 1049 844 tertias
1085 795 1140 842 et
1175 773 1488 842 ulteriores,
1524 775 1683 843 Dum
1699 786 1947 866 proinde

99 873 300 964 magno
332 881 770 972 prosequebatur
798 869 1008 941 honore
1038 868 1259 967 nuptias
1293 880 1504 961 primas
1533 879 1942 954 benedictione,

100 980 481 1049 coronatione,
509 978 749 1059 aliisque
772 976 1048 1037 eiusmodi
1071 975 1298 1047 ritibus,
1328 987 1546 1035 ceteras
1572 989 1762 1036 contra
1791 966 1949 1037 hisce

97 1074 600 1155 significationibus
646 1073 874 1133 honoris
917 1063 1341 1153 sanctitatisque
1383 1072 1656 1153 privavit,
1694 1073 1777 1132 uti
1806 1060 1948 1133 alias

97 1171 459 1252 exposuimus
491 1172 596 1248 (1);
620 1181 708 1229 ast
729 1190 1057 1258 numquam
1063 1189 1158 1228 eas
1190 1167 1419 1228 omnino
1447 1167 1761 1255 prohibuit;
1789 1191 1951 1279 prae-

98 1268 288 1328 sertim
330 1266 567 1326 ecclesia
606 1265 798 1324 latina.
1098 1280 1100 1282 ·

217 1365 415 1423 Verum
447 1363 779 1422 severiorem
808 1362 1009 1441 iugiter
1032 1361 1173 1420 hac'
1160 1383 1218 1418 m
1250 1382 1308 1419 re
1338 1382 1400 1420 se
1429 1359 1683 1421 exhibuit
1711 1359 1950 1421 ecclesia

96 1481 313 1540 graeca.
344 1461 483 1518 Nam
514 1458 731 1530 tertiaS‚
768 1458 1097 1539 praesertim
1139 1479 1270 1518 vero
1313 1470 1543 1539 quartas
1587 1458 1815 1539 nuptias
1846 1457 1951 1516 im-

98 1555 385 1637 probavit3
435 1577 546 1614 non
590 1554 742 1636 quod
786 1555 1023 1614 senserit
1063 1576 1159 1614 eas
1203 1554 1432 1614 omnino
1476 1575 1541 1613 ac
1583 1553 1840 1614 absolute
1882 1554 1951 1612 il-

97 1650 316 1722 licitaS,
365 1650 464 1710 sed
508 1650 567 1708 in
610 1649 1035 1710 detestationem
1088 1649 1526 1709 incontinentiae
1575 1670 1744 1730 quam
1788 1671 1952 1730 prae-

100 1746 305 1806 seferre
341 1745 674 1806 videbantur
714 1746 811 1830 qui
848 1732 1058 1827 priori,
1094 1745 1268 1831 multo
1309 1731 1448 1831 vero
1483 1746 1696 1825 magis,
1734 1730 1832 1827 qui
1863 1767 1953 1805 se—

98 1841 319 1913 cunda,
369 1853 464 1900 aut
505 1841 667 1900 tertia
708 1863 881 1901 uxore
921 1841 1036 1901 vita
1079 1841 1268 1900 functa
1310 1839 1478 1899 aliam
1522 1840 1807 1900 ducerent.

218 1937 412 2006 Quoad
454 1937 786 1997 vetustiores
831 1936 1128 1996 nonnullos
1173 1947 1389 2015 patreS,
1440 1936 1725 1995 fatendum
1757 1950 1843 1997 est
1863 1937 1951 1996 in-

95 2032 311 2092 terdum
353 2054 448 2092 eos
491 2033 687 2092 duiius
731 2032 901 2091 nimis
943 2031 1157 2091 locutos
1209 2031 1422 2101 fuisse,
1472 2051 1538 2090 ac
1578 2031 1822 2113 benigna
1871 2035 1953 2092 in-

97 2130 487 2235 terpretatione
531 2127 896 2188 emolliendas
942 2149 1133 2187 eorum
1175 2112 1485 2187 locutiones
1527 2148 1673 2187 esse.

215 2224 317 2284 His
345 2224 438 2284 vix
465 2224 657 2284 leviter
698 2224 1005 2303 generatim
1048 2223 1338 2294 delibatis,
1378 2222 1660 2283 distinctis
1700 2224 1951 2285 articulis

99 2341 327 2399 agemus
371 2320 551 2401 primo
589 2305 660 2378 de
702 2319 968 2379 secundis
1012 2319 1225 2400 nuptiis
1254 2367 1267 2391 ,
1311 2319 1521 2379 'deinde
1562 2320 1634 2380 de
1674 2320 1953 2381 ulteriori-

98 2414 205 2476 bus
234 2417 305 2475 ad
336 2416 732 2500 vindicandam
763 2415 1037 2475 ecclesiae
1071 2416 1380 2500 catholicae
1410 2416 1718 2476 doctrinam
1736 2465 1748 2489 ,
1785 2431 1953 2503 atque

100 2510 349 2572 eiusdem
382 2510 740 2593 disciplinam
787 2511 1145 2592 potissimum
1190 2512 1461 2573 adversus
1504 2534 1734 2592 graecos
1769 2514 1953 2573 schis-

102 2617 351 2664 matlcoS.
397 2612 416 2641 ²

231 2698 540 2760 Ecclesiam
596 2714 912 2761 constanter
967 2701 1303 2782 praetulisse
1353 2702 1680 2762 viduitatem
1739 2703 1951 2764 iteratis

106 2792 317 2874 nuptiis
361 2793 642 2875 explorata
685 2817 772 2854 res
815 2809 920 2855 est.
970 2795 1356 2857 Exomnibus
1406 2795 1557 2854 enim
1600 2797 1722 2857 eius
1766 2799 1904 2858 actis
1933 2846 1945 2869 ,

103 2911 169 2948 ex
211 2889 434 2969 scriptis
477 2902 693 2970 patrum
737 2903 792 2950 et
831 2891 1208 2950 monumentis
1252 2891 1648 2952 ecclesiasticis
1693 2893 1751 2952 id
1794 2893 1952 2954 lucu-

100 2982 275 3042 lenter
315 2997 484 3064 patet.
531 2984 816 3066 Siquidem
862 3007 928 3045 ex
970 2986 1040 3045 iis
1084 2999 1298 3046 constat
1336 2986 1423 3046 vel
1468 3008 1501 3046 a
1544 2988 1663 3048 suis
1715 2976 1951 3049 incuna-

99 3077 230 3137 bilis
273 3100 474 3158 magno
517 3079 726 3139 honore
761 3079 1052 3140 ecclesiam
1086 3081 1262 3141 fuisse
1297 3095 1649 3163 prosecutam
1680 3106 1775 3144 eas
1806 3107 1950 3166 quae

97 3193 227 3233 vere
247 3174 443 3234 viduae
473 3175 711 3235 fuissent
733 3199 797 3236 ac
820 3176 1114 3248 desolatae,
1151 3191 1213 3237 ut
1241 3177 1487 3260 loquitur
1506 3180 1806 3262 Apostolus
1835 3183 1941 3259 (2).

99 3269 209 3329 Eas
252 3272 639 3353 episcoporum
682 3294 746 3332 ac
787 3273 1239 3357 presbyterorum
1284 3275 1670 3356 providentiae
1705 3277 1951 3337 commit-

102 3363 278 3437 tebat,
308 3379 368 3427 ut
390 3389 578 3428 curam
609 3367 858 3449 ipsarum
889 3369 1267 3450 susciperent3
1303 3370 1631 3432 admittebat
1660 3372 1730 3432 ad
1763 3384 1947 3432 votum

223 3521 279 3571 (1)
306 3522 394 3562 Lib.
417 3524 449 3562 Ι.
473 3524 569 3563 sect.
590 3525 621 3562 1.
644 3535 733 3575 cap.
756 3525 826 3565 1v.
846 3526 924 3566 art.
949 3527 1000 3565 ll.

222 3585 276 3636 (2)
303 3588 336 3626 1.
355 3587 650 3630 Timoth.V.5.
