2320 4030
264 253 436 292 CAP.1.
457 252 520 290 DE
543 252 725 290 lNDlSS.
757 251 910 291 MATR.
935 250 1106 289 SPECT.
1139 249 1258 288 IURE
1283 248 1536 287 NATURAE.
1568 247 1682 286 Am.
1704 247 1739 284 1.
1842 228 1956 282 119

118 349 659 409 indissolubilitatem
690 350 808 408 iure
839 360 1066 405 naturae
1087 367 1213 405 esse
1243 346 1469 403 omnino
1493 358 1917 403 consentaneam
1944 369 1954 409 ς

116 459 283 526 atque
325 446 463 504 adeo
507 447 561 503 3.
611 467 675 504 ex
712 446 829 502 iure
872 441 1205 501 secundario
1249 441 1541 519 profluere.

240 541 306 598 Et
347 563 481 599 sane
523 541 593 599 ad
646 540 884 620 primum
925 536 1075 617 quod
1118 534 1352 604 attinet,
1417 534 1963 594 indissolubilitatem

118 637 494 695 omnimodam
537 658 663 695 esse
705 634 1022 693 necessario
1057 644 1223 712 atque
1254 630 1627 689 essentialiter
1656 653 1689 688 a
1725 631 1844 688 iure
1875 651 1967 688 na-

118 744 271 790 turae
303 745 652 812 praeceptam
684 730 899 810 probari
946 751 1056 788 non
1086 740 1298 808 potest:
1348 727 1458 784 imo
1491 740 1737 807 spectata
1767 740 1966 785 nutura

119 827 456 885 matrimonii
498 847 607 884 non
652 846 871 904 semper
918 822 1211 883 dissolutio
1265 821 1346 878 illi
1390 821 1608 880 videtur
1652 822 1957 880 adversari.

119 921 333 980 Etenim
365 921 436 980 ad
457 921 567 980 duo
606 920 958 1001 potissimum
985 918 1296 977 institutum
1320 930 1406 976 est
1434 917 1870 987 matrimonium,
1910 918 1966 974 in

117 1016 364 1075 officium
390 1031 618 1075 naturae
648 1017 718 1074 ad
744 1016 948 1097 speciei
981 1013 1454 1074 conservationem
1486 1034 1551 1071 ac
1583 1013 1816 1092 proinde
1848 1035 1970 1093 pro-

120 1112 189 1170 lis
221 1113 654 1193 procreationem
693 1126 859 1193 atque
902 1111 1308 1171 educationem.
1338 1110 1455 1167 lam
1485 1130 1616 1168 vero
1647 1121 1840 1167 neuter
1883 1109 1970 1166 in-

118 1208 334 1266 terdum
377 1209 507 1267 finis
540 1208 774 1267 obtineri
819 1219 1026 1288 potest,
1076 1227 1248 1286 quum
1296 1225 1435 1263 uxor
1476 1216 1561 1263 est
1597 1202 1839 1276 sterilis,
1883 1203 1969 1262 vel

118 1325 292 1384 quum
332 1305 556 1364 morbus
587 1304 883 1362 diuturnus
914 1301 1248 1361 matrimonii
1281 1322 1446 1359 usum
1479 1299 1779 1387 intercipit.
1819 1299 1969 1368 Quo-

121 1399 284 1458 modo
327 1421 455 1458 vero
498 1399 617 1458 solo
661 1399 890 1458 rationis
930 1397 1138 1455 lumine
1176 1396 1356 1455 evinci
1402 1395 1603 1476 poterit
1645 1395 1702 1451 in
1737 1408 1972 1475 utroque

119 1509 216 1553 aut
258 1495 314 1552 in
358 1495 620 1554 alterutro
657 1516 793 1554 casu
830 1495 918 1552 ius
963 1506 1193 1552 naturae
1228 1493 1298 1551 ad
1329 1504 1653 1573 perpetuam
1686 1490 1976 1549 continen-

123 1591 256 1648 tiam
289 1606 383 1650 aut
411 1591 483 1649 ad
521 1591 693 1672 prolis
724 1591 1090 1671 privationem
1121 1588 1370 1668 obligare
1392 1637 1403 1659 ,
1434 1587 1974 1667 dissolutionemque

120 1686 366 1763 coniugii
410 1708 534 1745 esse
577 1685 949 1745 essentialiter
984 1683 1238 1742 malam?
1277 1684 1420 1742 Hinc
1462 1682 1829 1741 Bellarminus
1866 1706 1893 1737 «
1923 1683 1973 1740 si

120 1781 473 1851 considereS,
518 1782 734 1861 inquit,
783 1780 1195 1839 matrimonium
1241 1793 1300 1837 ut
1342 1779 1588 1838 officium
1632 1790 1864 1836 naturae
1905 1777 1975 1835 ad

122 1876 539 1955 propagandam
584 1876 829 1935 sobolem
861 1898 1024 1954 aegre
1057 1875 1212 1934 reddi
1246 1887 1427 1954 potest
1460 1874 1601 1932 ratio
1633 1895 1732 1931 cur
1762 1873 1833 1932 ob
1865 1885 1976 1931 ste-

121 1970 375 2029 rilitatem
421 1971 676 2049 coniugis
724 1992 832 2030 non
872 1971 1032 2029 liceat
1066 1991 1187 2028 eam
1232 1969 1510 2026 dimittere
1548 1980 1644 2025 aut
1675 1967 1843 2025 aliam
1874 1968 1978 2025 du-

118 2060 261 2124 cere.
292 2067 348 2123 Si
380 2067 699 2125 consideres
730 2066 1146 2124 matrimonium
1169 2078 1228 2122 ut
1252 2077 1337 2122 est
1368 2065 1425 2121 in
1457 2063 1763 2122 remedium
1788 2062 1977 2122 contra

121 2162 536 2221 fornicationem
581 2162 931 2230 institutum,
983 2183 1080 2219 cur
1121 2182 1230 2219 non
1278 2159 1478 2241 poterit
1526 2182 1666 2218 uxor
1710 2172 1977 2239 perpetuo

121 2257 311 2315 morbo
348 2256 608 2316 laborans
643 2256 882 2326 dimitti,
922 2278 1020 2315 cur
1053 2278 1161 2315 non
1201 2255 1403 2336 poterit
1439 2255 1551 2314 alia
1588 2254 1717 2313 duci
1756 2255 1874 2331 (24)
1900 2252 1971 2310 ⁶2„

124 2351 280 2420 Quod
325 2355 372 2411 si
415 2353 730 2412 secundarii
789 2353 1127 2411 matrimonii
1188 2352 1326 2411 fines
1372 2364 1733 2432 spectantur,
1789 2350 1979 2408 cuius-

123 2448 269 2505 modi
294 2463 422 2507 sunt
451 2449 756 2507 remedium
780 2448 1308 2528 concupiscientiae,
1338 2461 1593 2506 mutuum
1625 2446 1967 2514 subsidium,

124 2555 177 2596 et
219 2542 266 2598 si
305 2565 447 2622 quae
489 2556 616 2602 sunt
644 2543 784 2614 alia,
813 2546 893 2622 {ea
935 2564 1044 2601 non
1090 2564 1310 2623 semper
1347 2564 1449 2600 nec
1492 2542 1810 2600 necessario
1855 2562 1978 2622 per-

130 2635 443 2713 petuitatem
485 2639 725 2717 coniugii
770 2640 1061 2717 flagitant,
1113 2661 1293 2718 neque
1335 2637 1636 2696 ostendunt
1686 2658 1806 2694 eam
1853 2657 1977 2693 esse

126 2752 159 2785 a
205 2730 321 2787 iure
364 2745 590 2790 naturae
633 2733 820 2791 stricte
867 2746 1241 2813 praeceptam.

249 2825 531 2884 Praeterea
574 2840 782 2884 certum
825 2841 937 2896 est,
980 2827 1156 2884 Deum
1207 2825 1513 2896 interdum,
1555 2825 1667 2884 imo
1712 2826 1971 2904 saepiuS,

127 2932 186 2976 ut
225 2920 570 2990 videbimuS,
622 2922 725 2980 hae
770 2922 825 2978 in
872 2944 929 2980 re
981 2921 1344 3001 dispensasse
1372 2969 1383 2991 ,
1440 2921 1977 3001 dissolutionemque

127 3014 329 3072 vinculi
368 3015 674 3094 coniugalis
716 3016 1062 3095 permisisse.
1115 3017 1260 3094 Ergo
1297 3015 1525 3075 evidens
1573 3029 1659 3074 est
1701 3037 1810 3074 non
1853 3035 1978 3075 esse

125 3110 442 3188 coniugium
466 3111 543 3169 ita
572 3111 789 3169 firmum
815 3160 825 3181 ,
856 3125 1101 3192 spectato
1132 3112 1251 3170 iure
1289 3124 1521 3170 naturae
1544 3159 1555 3181 ,
1584 3125 1645 3170 ut
1670 3133 1973 3191 numquam

124 3205 301 3284 possit
331 3205 593 3265 dissolvi:
633 3207 679 3264 si
719 3207 864 3265 enim
910 3204 1210 3266 dissolutio
1259 3207 1448 3266 stricto
1485 3219 1539 3265 et
1581 3207 1843 3288 primario
1885 3228 1977 3264 na-

127 3311 278 3358 turae
315 3300 421 3358 iuri
457 3315 824 3382 opponeretur
846 3348 857 3367 ,
900 3324 966 3361 ea
1003 3315 1193 3383 utpote
1235 3302 1608 3362 essentialiter
1645 3324 1710 3361 ac
1757 3323 1977 3382 semper

128 3393 299 3465 mala,
341 3417 645 3476 numquam
680 3419 713 3456 a
749 3398 864 3457 Deo
910 3398 1148 3479 permitti
1182 3410 1391 3478 posset.
1447 3399 1560 3456 Iam
1593 3419 1725 3457 vero
1757 3409 1976 3455 constat

255 3519 333 3567 (24)
362 3522 421 3561 De
438 3524 567 3561 malr.
603 3534 690 3573 cap.
715 3526 779 3564 lV.
805 3535 843 3563 n.
869 3529 904 3565 2.
