2320 4030
268 183 380 223 CAP.
401 184 473 223 vi.
497 184 561 222 ns
593 182 719 222 mss.
745 182 899 222 MATR.
924 173 1068 232 affl,
1089 180 1193 221 NON
1219 177 1485 221 0011561111.
1511 179 1629 220 Α111.
1652 179 1730 220 111.
1838 162 1948 218 499

106 280 185 339 les
218 280 275 338 in
305 281 443 340 actis
481 281 600 339 suis
644 292 698 339 61
739 280 810 337 in.
838 279 1049 361 praxim
1093 277 1405 338 deducendi
1449 277 1554 337 1100
1598 276 1950 359 privilegium

108 375 165 432 in
207 375 435 434 casibus
481 374 944 456 particularibus,
976 382 1036 432 ut
1070 372 1258 433 omnia
1298 372 1551 433 ordinate
1595 373 1823 444 fierent,
1862 393 1953 432 ec-

103 470 273 530 clesia
312 493 412 553 pro
453 469 689 529 diversis
734 491 917 529 rerum
948 481 1358 548 actemporum
1403 467 1681 528 adiunctis
1721 468 1800 528 ita
1821 478 1950 528 ’16111

102 567 455 647 temperavit,
491 577 554 624 ut
582 587 648 624 ex
676 587 789 624 una
830 578 986 646 parte
1027 564 1132 624 hoc
1173 563 1526 647 privilegium
1564 564 1953 625 obtineret'ef-

100 661 335 733 fectum,
378 684 444 721 ex
477 661 649 720 altera
688 683 818 721 vero
859 672 1210 743 praecaveret
1254 660 1466 721 abusus
1488 668 1522 731 ,‘
1549 661 1646 743 qui
1689 682 1755 720 ex
1797 667 1950 742 'parte

100 758 439 838 privatorum
482 757 713 836 gliscere
750 780 814 817 ac
854 758 1116 840 obrepere
1156 761 1425 838 poterant.
1455 757 1614 816 quta
1655 756 1762 816 hoc
1804 757 1950 838 prin-

97 853 307 934 cipium
352 850 590 911 ecclesia
631 852 951 924 constituit,
985 864 1048 911 ut
1075 851 1313 912 diversis
1343 851 1685 934 temporibus
1728 850 1950 912 diversa

97 948 370 1008 obtineret
411 947 734 1028 disciplina.

214 1045 353 1103 Nam
397 1045 636 1126 primum
678 1044 931 1127 probavit
972 1042 1402 1103 dissolutionem
1438 1043 1686 1123 coniugii
1716 1044 1822 1103 rati
1852 1064 1948 1126 per

92 1138 272 1199 solum
316 1139 631 1200 discessum
672 1140 992 1200 alterutrius
1038 1139 1447 1211 contrahentis,
1484 1139 1582 1221 qui
1621 1159 1746 1198 sese
1780 1138 1950 1200 vellet

93 1250 360 1316 perpetua
402 1237 773 1307 continentia,
811 1248 979 1318 atque
1015 1235 1370 1296 abdicatione
1412 1233 1733 1294 omnimoda
1771 1234 1946 1294 bono-

91 1355 214 1391 rum
257 1333 643 1414 temporalium
663 1381 699 1417 ⁷„
722 1354 788 1392 ac
829 1331 1198 1414 dependentia
1240 1353 1273 1390 a
1313 1331 1576 1410 legitimis
1622 1329 1944 1422 pastoribus

91 1429 386 1509 perfectius
410 1430 509 1488 Dei
541 1429 827 1488 famulatui
857 1429 1196 1508 mancipare.
1213 1427 1457 1487 Difficile
1485 1447 1623 1486 sane
1651 1426 1737 1486 651
1765 1439 1945 1487 osten-

90 1523 221 1584 dere
239 1572 251 1596 ,
287 1524 437 1606 quod
467 1539 677 1585 veteres
708 1526 888 1585 sancti
920 1524 1153 1584 solemni
1185 1524 1376 1606 aliquo
1405 1536 1533 1584 voto
1555 1546 1618 1583 se
1639 1522 1946 1583 obstrinxe-

88 1621 229 1691 rint3
268 1621 562 1680 coniicitur
602 1620 831 1703 quidem
874 1642 940 1680 ac
981 1619 1354 1702 praesumitur
1382 1619 1442 1678 id
1470 1641 1566 1679 eos
1597 1618 1829 1689 fecisse,
1856 1630 1944 1677 ast

87 1738 197 1776 non
241 1716 507 1797 probatur
528 1765 540 1788 ,
584 1739 710 1776 cum
754 1716 1016 1775 deficiant
1044 1716 1150 1775 hac
1180 1715 1249 1775 de
1278 1737 1338 1774 re
1367 1715 1717 1776 documenta.
1746 1716 1943 1774 Postea

84 1833 213 1871 vero
232 1860 244 1883 ,
273 1833 399 1871 cum
431 1812 706 1872 introduci
738 1811 1019 1892 coeperint
1046 1810 1356 1870 monastica
1387 1811 1668 1882 instituta,
1703 1808 1942 1870 ecclesia

84 1907 265 1987 exegit
306 1908 376 1966 ab
421 1908 491 1967 iis
532 1909 630 1988 qui
669 1907 1020 1966 matrimonio
1051 1913 1265 1966 tantum
1295 1921 1413 1966 rato
1443 1906 1722 1966 coniuncti
1753 1912 1936 1976 erant,

84 2015 149 2060 61-
187 2002 235 2060 51
279 2001 485 2061 vellent
527 2002 634 2061 hoc
678 2001 922 2073 solvere,
959 2001 1328 2060 monasticum
1371 2000 1686 2060 institutum
1727 2000 1940 2081 profes-

83 2097 242 2156 sione
272 2097 535 2177 religiosa
564 2097 1052 2177 amplecterentur,
1083 2117 1227 2178 quae
1257 2102 1453 2154 tamen‘
1472 2094 1782 2155 monastica
1811 2116 1941 2175 pro-

79 2192 286 2265 fessi0,
322 2194 402 2253 uti
435 2194 547 2254 iam
578 2194 854 2264 diximUS,
889 2192 1113 2253 nonnisi
1143 2199 1270 2252 vota
1299 2190 1582 2272 simplicia
1610 2190 1940 2272 complecte-

80 2289 263 2348 batur.
311 2290 614 2369 Progressu
655 2301 838 2348 autem
882 2288 1147 2369 temporis
1189 2286 1385 2346 eadem
1429 2285 1687 2346 ecclesia.
1714 2286 1938 2345 demum

79 2385 370 2443 constituit
411 2385 482 2443 ad
528 2382 938 2465 praecavendos
988 2382 1232 2453 abusus,
1257 2389 1340 2440 'ut
1388 2381 1596 2441 Christi
1640 2381 1833 2441 >favore·
1876 2382 1935 2440 in

82 2478 453 2538 dissolutione
496 2478 770 2538 eiusmodi
805 2477 1190 2556 coniugiorum
1220 2476 1445 2536 nonnisi
1479 2475 1565 2535 illi
1600 2476 1931 2548 fruerentur,

82 2573 179 2654 qui
217 2574 274 2631 in
308 2573 497 2654 aliqua
540 2572 807 2653 religione
850 2572 1155 2655 approbata
1193 2585 1321 2633 vota
1361 2570 1681 2632 solemniter
1722 2578 1938 2630 nuncu-

80 2681 293 2751 parent.
329 2669 486 2727 Hanc
517 2689 647 2727 vero
684 2667 1198 2727 determinationem
1235 2666 1533 2726 concilium
1573 2665 1935 2726 tridentinum

80 2764 318 2824 sancivit
340 2786 549 2823 canone
569 2785 689 2834 suo3
710 2762 1069 2842 etGregorius
1083 2763 1234 2822 XIII.
1254 2761 1558 2822 declaravit
1576 2761 1726 2820 hunc
1748 2762 1936 2842 ipsum

78 2860 334 2919 effectum
379 2880 570 2940 parere
609 2871 735 2918 vota
779 2857 1057 2940 simplicia
1096 2881 1130 2918 a
1171 2857 1522 2917 scholasticis
1566 2857 1622 2915 in
1674 2856 1936 2916 societate

80 2955 206 3027 Iesu
248 2954 489 3013 emissa:
539 2965 706 3035 atque
749 2952 854 3012 hoc
897 2965 1057 3034 pacto
1113 2952 1280 3011 etiam
1324 2974 1424 3033 per
1464 2960 1650 3012 votum
1695 2950 1934 3032 simplex

78 3050 263 3130 reipsa
306 3062 487 3131 potest
528 3049 849 3127 coniugium
894 3062 1074 3108 ratum
1122 3047 1376 3108 dissolvi.

200 3146 316 3206 Hac
354 3147 565 3206 ratione
594 3146 781 3206 omnia
810 3159 1216 3228 componuntur
1245 3166 1390 3228 quae
1420 3145 1490 3204 de
1520 3143 1931 3229 antiquioribus

81 3242 325 3313 sanctis,
362 3243 432 3302 de
460 3255 585 3303 voto
617 3242 891 3324 simplici,
928 3242 997 3303 de
1027 3242 1260 3303 solemni
1292 3242 1638 3324 professione
1670 3239 1932 3319 religiosa

79 3336 359 3396 dicuntur.
412 3338 568 3397 Nunc
614 3338 811 3397 iterum
859 3337 916 3397 in
960 3351 1199 3398 mentem
1243 3359 1438 3398 revoco
1481 3338 1539 3396 in
1582 3335 1931 3418 professione

79 3431 338 3509 religiosa
362 3433 755 3493 secernendam
781 3455 907 3494 esse
931 3433 1007 3493 rei
1031 3429 1390 3493 substantiam
1405 3455 1471 3493 ac
1486 3431 1723 3490 modum:
1742 3427 1928 3511 quoad

1773 3527 1808 3558 Q<
