2320 4030
358 290 429 342 38
639 307 736 343 Lm.
777 305 852 342 Ill.
891 302 1030 340 SECT.
1071 302 1105 339 1.
1147 302 1208 339 DE
1253 302 1407 339 MATR.
1438 301 1638 339 CHfflST.
1675 301 1910 341 ENITATE.

358 404 505 482 plum
550 401 988 482 patriarcharum
1016 448 1024 470 ⁷
1065 401 1187 481 ipse
1218 401 1481 481 opposuit
1521 399 1704 459 verbis
1731 400 2007 461 Geneseos
2038 402 2205 462 verba

356 498 660 577 Evangelii.
680 496 918 555 Adnotat
948 510 1232 578 praeterea
1256 498 1404 556 idem
1430 519 1477 556 s.
1498 498 1697 556 Doctor
1713 497 2037 577 Apostolum
2069 499 2209 557 bene

357 595 575 654 novisse
606 593 1062 652 consuetudinem
1098 593 1283 674 plures
1316 593 1555 652 ducendi
1589 615 1788 652 uxores
1820 593 1941 673 lege
1963 595 2208 654 mosaica

357 692 529 749 fuisse
572 689 855 771 probatam
889 704 942 749 et
972 690 1411 771 patriarcharum
1457 690 1708 771 exemplo
1745 689 2014 749 «Sciebat
2049 691 2212 770 (Apo-

356 787 597 863 stolus),
630 787 840 867 inquit,
882 787 991 867 leqe
1023 809 1355 854 concessum,
1387 799 1440 844 et
1470 786 1723 867 exemplo
1767 785 2209 866 patriarcharum

354 905 417 940 ac
454 883 630 965 Moysi
670 883 945 941 familiare
991 882 1197 963 populo
1242 894 1469 940 noverat
1512 881 1569 939 in
1597 882 1803 941 multis
1848 881 2116 940 uxoribus
2146 880 2213 938 li-

357 981 516 1039 beros
549 1002 839 1061 spargere:
880 980 1022 1061 ipsis
1055 1002 1279 1061 quoque
1311 978 1696 1038 sacerdotibus
1739 979 1911 1038 huius
1957 979 2213 1037 licentiae

355 1076 575 1156 patebat
613 1075 904 1134 arbitrium
935 1078 1125 1153 (91).»
1151 1075 1442 1144 Quomodo
1471 1096 1601 1134 vero
1632 1074 1771 1133 haec
1801 1075 2058 1155 componi
2091 1095 2216 1154 pos·-

355 1174 468 1231 sint
498 1195 623 1231 cum
656 1173 756 1244 iis,
794 1194 938 1254 quae
984 1174 1134 1230 iuxta
1173 1172 1509 1230 contrariam
1547 1171 1879 1230 sententiam
1909 1171 2041 1230 alibi
2075 1171 2213 1230 scri-

358 1269 483 1327 bere
526 1269 683 1328 visus
728 1283 837 1339 est,
887 1290 1013 1327 mox
1057 1268 1394 1327 videbimus.

479 1367 699 1425 Interim
723 1415 733 1436 ,
762 1380 822 1424 ut
845 1365 1032 1424 statim
1059 1364 1327 1424 nonnulla
1352 1364 1462 1423 alia
1485 1378 1730 1423 veterum
1759 1364 2076 1422 testimonia
2108 1364 2213 1422 hac

357 1464 425 1521 de
469 1485 526 1520 re
571 1462 906 1531 asseramuS,
962 1484 1022 1520 se
1073 1483 1133 1520 se
1177 1460 1339 1519 offert
1392 1461 1804 1529 TheodoretuS‚
1855 1460 1953 1541 qui
2009 1460 2216 1518 diserte

357 1560 599 1618 affirmat
643 1558 796 1617 nulla
837 1558 957 1637 lege
1002 1558 1121 1617 sive
1164 1557 1401 1616 naturali
1436 1557 1554 1616 sive
1586 1557 1795 1637 scripta
1840 1555 2213 1637 polygamiam

357 1657 664 1736 antiquitus
707 1656 931 1713 vetitam
974 1654 1181 1713 fuisse:
1219 1653 1500 1732 «Rogavit
1535 1653 1770 1730 (Sara),
1802 1652 2012 1733 inquit,
2050 1673 2117 1710 ea
2146 1651 2216 1709 de

357 1775 526 1810 causa
577 1750 886 1821 Abraham,
937 1765 997 1809 ut
1054 1773 1180 1809 cum
1225 1750 1373 1829 Agar
1420 1749 1885 1829 congrederetur,
1936 1770 2047 1829 quo
2092 1748 2218 1827 ipsa

360 1847 561 1907 liberos
607 1848 737 1905 inde
777 1847 1113 1927 susciperet,
1151 1846 1288 1927 quid
1322 1846 1573 1927 peccavit
1601 1843 1926 1903 Abrabam?
1955 1844 2213 1912 Maxime,

359 1967 476 2003 cum
513 1967 677 2023 neque
720 1956 948 2012 natura,
986 1966 1152 2023 ‘neque
1198 1944 1286 2001 lem
1328 1943 1445 2001 ulla
1490 1956 1601 2000 tum
1642 1943 1846 2021 scripta
1889 1940 2077 2021 plures
2122 1940 2222 1998 du-

359 2065 480 2100 cere
524 2063 725 2100 uxores
771 2039 1091 2120 prohiberet
1120 2041 1311 2117 (92).»

482 2140 592 2196 Nec
622 2138 809 2195 minus
841 2136 1149 2195 luculenter
1170 2158 1293 2194 eam
1319 2136 1626 2195 doctrinam
1651 2158 1699 2194 s.
1721 2135 2063 2213 Augustinus
2089 2156 2216 2215 pro-

363 2237 544 2294 fessus
590 2247 692 2292 est.
730 2233 933 2292 Scribit
975 2234 1157 2291 enim:
1200 2258 1227 2287 α
1256 2231 1630 2291 Sufficiendae
1674 2230 1846 2313 prolis
1894 2252 2062 2289 causa
2104 2245 2222 2289 erat

362 2354 592 2391 uxorum
634 2331 873 2412 plurium
924 2329 1089 2388 simul
1135 2330 1231 2388 uni
1274 2330 1393 2388 viro
1441 2327 1821 2387 habendarum
1869 2327 2220 2407 inculpabilis

363 2427 680 2487 consuetudo
710 2429 898 2505 (93).»
926 2427 1099 2505 Negat
1121 2439 1175 2483 et
1206 2426 1328 2506 ipse
1359 2447 1485 2484 cum
1518 2424 1859 2483 Theodoreto
1888 2423 2059 2481 ullam
2092 2435 2221 2481 tunc

365 2527 627 2608 temporis
671 2526 848 2604 legem
895 2525 1179 2594 extitisse,
1229 2545 1342 2604 qua
1382 2536 1659 2582 vetaretur
1702 2521 2054 2603 polygamia:
2097 2520 2222 2577 «Eo

363 2640 638 2704 tempore,
677 2621 903 2704 quando
934 2620 1391 2702 multiplicandae
1421 2619 1763 2701 posteritatis
1800 2640 2002 2677 caussa
2034 2617 2223 2697 plures

366 2743 564 2780 uxores
596 2720 684 2778 lem
714 2719 868 2777 nulla
913 2717 1247 2799 prohibebat
1283 2720 1335 2795 (9
1349 2720 1400 2795 4)
1422 2743 1472 2773 .»
1503 2718 1739 2775 Demum
1784 2714 2028 2773 ostendit
2059 2713 2223 2772 Iacob

369 2819 419 2875 in
466 2815 738 2874 ducendis
800 2814 1052 2895 pluribus
1109 2814 1374 2873 uxoribus
1427 2812 1865 2893 haudquaquam
1912 2831 2216 2890 peccasse,

366 2935 431 2972 oo
475 2913 598 2993 ipso
640 2910 790 2991 quod
837 2910 990 2968 nulla
1027 2910 1388 2991 impediretur
1418 2910 1538 2988 lege
1569 2909 1688 2967 sive
1720 2906 1956 2966 naturali
1990 2906 2109 2964 sive
2138 2904 2223 2961 di-

367 3009 497 3065 vina
541 3006 809 3087 positiva:
860 3006 1075 3064 «Iacob
1120 3005 1267 3085 quod
1319 3028 1415 3084 pro
1461 3004 1670 3083 ingenti
1714 3002 1943 3061 crimine
1986 3013 2224 3080 quatuor

368 3103 707 3161 obiiciuntur
729 3122 949 3171 uxoreS‚
973 3099 1214 3179 generali
1243 3099 1655 3179 praelocutione
1682 3109 1967 3177 purgatur.
1987 3094 2223 3164 Quando

369 3201 514 3257 onim
562 3221 681 3256 mos
727 3211 873 3267 crat7
911 3197 1116 3255 crimen
1151 3218 1259 3254 non
1292 3194 1622 3253 erat...Alia
1656 3194 1803 3252 enim
1837 3205 1968 3251 sunt
1999 3204 2224 3270 peccata

492 3419 570 3461 (ενι)
605 3414 727 3462 Epist.
751 3414 886 3450 LXlX.
910 3410 968 3450 ad
994 3413 1206 3449 Oceanum
1224 3441 1233 3457 ,
1256 3420 1293 3447 n.
1315 3415 1349 3446 ἵ).
1374 3409 1451 3446 rol.
1478 3411 1562 3446 ¹114.

494 3481 573 3528 vem.)
602 3480 765 3524 Quaest.
791 3479 949 3517 LXVII.
974 3476 1014 3515 in
1037 3479 1181 3515 Comes,

494 3549 572 3592 50:312
607 3549 662 3584 ln>
681 3545 866 3585 doclrin.
889 3545 1038 3584 clm-isc.
1064 3543 1132 3583 lib.
1157 3543 1223 3580 ΙΙΙ.
1247 3552 1335 3592 cap.
1358 3543 1447 3580 ΧΙΙ.
1468 3552 1507 3580 n.
1532 3548 1593 3580 20.

495 3618 573 3658 *flii
604 3617 659 3652 Ι)«”
685 3616 765 3651 (ἐν.
797 3615 889 3657 Dei,
914 3612 979 3651 lib.
1006 3613 1106 3650 xvi.
1128 3621 1214 3659 cap.
1240 3612 1454 3649 xxxvm.
1479 3621 1517 3647 n.
1540 3616 1573 3647 3.
