2320 4030
408 346 519 387 CAP.
552 347 587 386 1.
617 347 680 385 DE
715 344 1001 384 POLYGAMIA
1031 343 1372 382 SIMULTANEA.
1400 342 1514 381 ΛΒΤ.
1544 340 1621 380 111.
1864 319 1929 376 41

108 463 253 523 quae
296 464 358 500 ex
402 443 501 502 Dei
547 443 743 523 ipsius·
769 439 1130 520 inspiratione
1171 439 1346 497 Adam
1390 439 1669 519 prorupit:
1705 450 1754 494 et
1785 448 1939 494 erunt

106 536 210 594 duo
232 538 289 594 in
313 559 468 595 carne
490 558 627 604 una,
658 535 906 614 adeoque
946 531 1243 613 quamdam
1287 532 1465 611 legem
1488 580 1501 602 ,
1546 546 1607 592 ut
1646 532 1721 591 ita
1756 531 1939 590 dicam

110 631 427 709 implicitam
454 630 539 690 vel
568 630 638 688 ab
670 629 793 708 ipso
823 627 1014 685 mundi
1060 626 1284 685 exordio
1327 627 1575 686 extitisse
1617 628 1687 687 de
1730 627 1940 686 unitate

110 726 443 785 matrimonii
494 726 679 802 (101).
715 723 966 781 Attamen
1016 722 1103 780 lex
1152 721 1425 780 eiusmodi
1470 743 1578 781 non
1629 735 1746 782 erat
1805 722 1941 782 satis

109 842 392 900 expressa,
421 818 568 900 quod
599 819 668 877 ad
698 818 873 898 legem
904 818 1127 898 proprie
1155 816 1390 886 dictam,
1426 817 1684 876 omnibus
1714 817 1940 877 omnino

107 913 575 984 assentientibus,
635 913 965 994 requiritur,
1019 925 1081 971 ut
1125 911 1238 971 vim
1297 910 1580 989 obligandi
1637 910 1840 971 habeat
1888 925 1942 971 et

109 1009 214 1068 sub
245 1022 467 1089 peccato
496 1006 1080 1089 adstringat.Secundo
1110 1029 1177 1066 ex
1207 1006 1399 1067 divina
1428 1005 1773 1066 institutione
1802 1007 1940 1067 satis

106 1105 408 1186 apparebat
450 1105 705 1186 aequalia
745 1107 867 1164 iura
906 1104 1128 1185 utrique
1171 1102 1393 1181 coniugi
1439 1101 1768 1173 convenire,
1803 1103 1942 1162 adeo

106 1214 166 1259 ut
207 1202 595 1282 unusquisque
636 1214 781 1261 totus
817 1201 1043 1261 alterius
1086 1212 1266 1271 esset,
1316 1220 1381 1258 ac
1431 1198 1629 1257 mulier
1667 1198 1787 1258 viro
1816 1246 1829 1270 ‚
1877 1221 1943 1258 ac-

105 1295 188 1353 vir
230 1295 446 1354 mulieri
491 1310 641 1355 esset
683 1318 749 1355 ex
792 1317 968 1376 aequo
1010 1295 1395 1376 mancipatus;
1431 1293 1692 1375 quocirca
1720 1315 1786 1353 eo
1815 1294 1941 1374 ipso

105 1390 254 1470 quod
301 1390 445 1449 idem
490 1391 576 1450 ius
619 1391 837 1472 utrique
880 1390 1101 1469 coniugi
1144 1389 1390 1461 inesset,
1442 1411 1551 1448 non
1607 1395 1819 1470 poterat
1858 1389 1943 1448 vir

105 1483 270 1543 aliam
313 1485 743 1565 superinducere
784 1485 894 1545 nisi
946 1507 1010 1545 ex
1053 1507 1331 1546 consensu
1385 1485 1608 1567 prioris.
1666 1485 1840 1543 Tertio
1883 1497 1943 1544 ut

108 1578 422 1660 polygamia
458 1581 620 1640 certis
655 1580 860 1640 finibus
894 1581 1260 1652 detineretur,
1297 1593 1464 1662 atque
1506 1601 1614 1640 non
1656 1580 1942 1640 brutorum

107 1696 290 1744 more,
341 1675 439 1735 sed
482 1690 643 1756 prout
685 1677 967 1736 hominem
1009 1677 1200 1748 decet,
1239 1676 1433 1735 haberi
1476 1690 1697 1758 posset,
1733 1698 1843 1736 non
1873 1675 1942 1734 li-

104 1767 311 1828 bidinis
349 1770 687 1850 explendae,
725 1771 823 1830 sed
852 1771 1018 1831 unius
1055 1771 1428 1853 procreandae
1463 1770 1634 1851 prolis
1663 1792 1834 1831 causa
1862 1771 1941 1830 le-

104 1864 291 1942 gitime
334 1878 548 1945 poterat
589 1866 802 1926 admitti
833 1869 1019 1946 (102).
1777 1863 1782 1867 ’

222 1959 414 2040 Itaque
457 1961 577 2020 sine
617 1963 1050 2022 contradictione
1093 1962 1359 2022 affirmari
1406 1963 1605 2044 poterit
1631 1962 1718 2022 vel
1749 1964 1939 2043 negari

105 2053 474 2135 polygamiam
524 2078 648 2116 esse
697 2071 885 2117 contra
931 2057 1107 2137 legem
1132 2105 1144 2129 ,
1199 2071 1362 2139 prout
1392 2058 1561 2138 >legis
1604 2080 1803 2119 nomen
1852 2058 1938 2119 vel

103 2171 292 2229 presse
330 2151 415 2210 vel
460 2151 638 2211 laxius
694 2166 1029 2234 usurpatur,
1079 2176 1143 2213 ac
1186 2155 1353 2214 simili
1399 2155 1562 2215 modo
1603 2155 1817 2215 dicetur
1854 2155 1939 2215 vel

105 2245 247 2304 iusta
268 2245 352 2305 vel
383 2247 589 2307 iniusta
619 2262 779 2328 prout
808 2250 1210 2322 consentiente,
1249 2264 1343 2310 aut
1374 2251 1545 2311 invita
1573 2251 1741 2332 priori
1772 2273 1939 2311 uxore

106 2339 446 2420 frequentata
503 2358 878 2425 supponatur,
944 2346 1185 2427 itemque
1238 2347 1471 2406 honesta
1512 2346 1598 2406 vel
1647 2347 1940 2407 inhonesta

107 2449 265 2512 prout
305 2438 424 2497 eius
468 2439 595 2498 finis
638 2454 723 2499 est
763 2440 981 2519 generis
1027 2441 1258 2500 humani
1303 2443 1718 2522 multiplicatio,
1754 2456 1851 2501 aut
1879 2443 1940 2500 li-

105 2532 301 2589 centia.
337 2534 552 2593 Scilicet
593 2548 651 2594 ut
692 2535 1006 2617 polygamia
1053 2559 1085 2595 a
1121 2537 1351 2597 crimine
1391 2537 1628 2598 violatae
1670 2538 1808 2617 legis
1852 2539 1938 2596 di-

107 2624 267 2683 vinae
319 2627 575 2688 immunis
632 2632 884 2691 credatur
925 2646 1035 2692 tres
1077 2634 1422 2694 conditiones
1480 2634 1703 2693 omnino
1762 2634 1938 2714 requi-

109 2732 331 2789 runtur,
378 2736 436 2780 ut
478 2724 627 2783 nulla
670 2727 927 2806 explicita
971 2729 1089 2807 lege
1130 2742 1378 2799 vetetur,
1414 2743 1474 2788 ut
1502 2751 1638 2788 uxor
1676 2751 1936 2810 expresse

107 2812 191 2871 vel
235 2815 394 2874 tacite
434 2820 740 2879 consentiat
766 2824 951 2899 (103),
988 2817 1202 2882 utfinis
1241 2824 1314 2882 sit
1350 2823 1650 2883 honestus:
1692 2825 1840 2905 quod
1887 2826 1934 2884 si

222 3057 330 3105 (101)
360 3059 448 3097 Huc
474 3059 720 3112 reseruntur,
743 3073 846 3113 quac
869 3074 982 3103 conc.
1005 3064 1264 3104 tridentinum
1286 3077 1382 3106 sess.
1404 3069 1545 3107 XXIV.
1565 3068 1758 3109 exhibens
1788 3069 1933 3110 doctri·

106 3131 197 3160 nain
229 3122 278 3161 de
314 3128 562 3165 sacramento
599 3129 843 3168 matrimonii
878 3132 1064 3180 protulit:
1096 3133 1375 3172 «Matriinonii
1408 3136 1643 3185 perpetuum
1676 3135 1931 3176 indissolubi-

105 3186 261 3236 lonique
284 3199 428 3228 nexum
462 3191 614 3241 primus
644 3193 810 3234 humani
838 3195 993 3245 generis
1024 3208 1166 3246 parens
1198 3197 1326 3237 divini
1353 3199 1517 3250 spiritus
1537 3200 1730 3240 instinctu
1756 3213 1930 3253 pronun·

103 3252 225 3291 ciavit
241 3284 251 3301 ‚
273 3264 362 3293 cum
388 3254 510 3296 dixit:
533 3260 624 3297 Hoc
644 3270 759 3299 nunc
779 3271 823 3300 os
842 3273 896 3300 ez·
917 3263 1082 3302 ossibus
1103 3266 1300 3304 meis...ec
1329 3268 1458 3305 erunt
1485 3266 1571 3306 cluo
1600 3269 1644 3306 in
1668 3278 1798 3308 carne
1824 3279 1929 3308 teria.

105 3319 188 3357 Hoc
213 3321 345 3359 autem
372 3321 534 3363 vinculo
561 3323 668 3364 duos
702 3327 999 3368 tantummodo
1029 3331 1209 3380 copulari
1237 3334 1277 3371 et
1300 3333 1511 3384 coniungi,
1536 3334 1720 3374 Christus
1739 3335 1933 3374 Dominus

102 3387 293 3433 apertius
323 3386 483 3438 docuit,
518 3401 610 3429 cum
643 3394 840 3441 postrema
875 3394 944 3433 illa
981 3395 1124 3447 verba,
1150 3400 1355 3448 tamquam
1382 3410 1402 3438 a
1425 3401 1507 3439 Deo
1534 3401 1708 3451 prolata,
1733 3401 1928 3449 reserens,

101 3446 222 3488 dixit:
244 3452 501 3502 Itaqueiam
523 3465 604 3494 non
622 3460 726 3497 sunt
742 3456 827 3497 duo
845 3458 918 3498 sed
936 3471 1027 3500 una
1048 3472 1190 3500 caro.»

220 3516 325 3565 (102)
352 3517 413 3557 Cf.
431 3519 572 3559 Merlin
592 3520 696 3561 Diss.
719 3523 787 3562 cit.
811 3522 847 3573 §.
870 3524 938 3563 lv.

220 3581 325 3628 (103)
352 3583 539 3624 Nonnulli
565 3588 695 3625 tamen
728 3587 829 3626 lianc
861 3589 1132 3630 conditionem
1163 3595 1299 3642 utpote
1328 3605 1406 3633 uon
1435 3598 1697 3636 neeessariam
1721 3575 1930 3649 respuunt:
