2320 4030
392 258 463 313 68
628 239 776 313 sun.
815 270 891 311 111.
929 266 1073 309 secr.
1110 266 1148 306 1.
1187 267 1251 306 nr:
1290 266 1446 307 MATR.
1479 266 1682 324 cnmsr.
1717 267 1956 309 nmium.

500 374 616 433 Hoc
662 365 1115 450 itaque'sublato
1155 379 1346 449 utpote
1388 367 1530 448 salso
1574 367 1925 440 documentO,
1968 367 2252 450 expenda-

378 492 505 529 mus
550 467 786 526 alterum
822 476 1071 545 oportet,
1108 463 1259 545 quod
1295 463 1367 523 ad
1399 464 1587 523 minus
1626 466 1974 545 aequivocum
2002 464 2249 524 diximus

376 567 449 626 ad
474 561 813 623 fulciendam
839 560 1235 643 polygamiam.
1258 561 1585 620 Desumitur
1604 583 1735 621 vero
1759 584 1826 620 ex
1847 561 2087 642 epistola
2117 561 2249 620 Gre-

375 661 515 743 gorii
550 658 793 718 Iunioris
827 680 928 718 seu
965 659 1034 716 ll.
1067 659 1136 718 ad
1176 680 1223 717 s.
1247 656 1596 717 Bonifacium
1634 657 1731 739 qui
1777 658 2098 739 pontificem
2143 657 2250 717 hac

375 759 445 816 de
494 778 552 815 re
606 755 1081 835 interrogaverat,
1131 753 1268 837 quid
1315 753 1460 813 facto
1506 776 1648 836 opus
1705 755 1871 813 suerit
1925 754 2251 814 infirmitate

374 853 664 913 laborante
688 852 985 912 cuiusdam
1015 850 1223 912 uxore?
1247 851 1628 932 Respondisse
1659 866 1843 911 autem
1875 851 2126 932 pontifex
2158 851 2253 911 his·

370 950 560 1011 verbis
592 949 945 1031 perhibetur:
975 951 1157 1008 «Nam
1186 948 1339 1030 quod
1377 948 1747 1029 proposuisti,
1777 948 1928 1031 quod
1964 948 2012 1008 si
2050 947 2255 1008 mulier

373 1047 700 1106 infirmitate
750 1059 1007 1128 correpta
1050 1067 1162 1105 non
1207 1043 1448 1104 valuerit
1501 1043 1754 1103 debitum
1798 1045 1920 1105 viro
1971 1045 2205 1104 reddere
2233 1093 2244 1115 ,

372 1144 511 1227 quid
555 1145 676 1203 eius
722 1143 890 1203 faciat
932 1141 1186 1222 iugalis?
1235 1143 1449 1201 Bonum
1496 1154 1685 1212 esset,
1737 1140 1785 1200 si
1834 1142 1916 1200 sic
1960 1164 2252 1222 permane-

372 1255 483 1314 ret,
519 1255 581 1300 ut
610 1241 985 1300 abstinentiae
1013 1252 1258 1300 vacaret.
1296 1239 1403 1298 Sed
1436 1239 1572 1321 quia
1615 1239 1722 1298 hoc
1766 1259 2096 1318 magnorum
2130 1250 2243 1309 est,

370 1338 464 1398 ille
515 1337 612 1419 qui
658 1358 768 1397 non
814 1336 1017 1417 poterit
1059 1336 1374 1406 continere,
1425 1334 1600 1394 nubat
1636 1335 1853 1414 magis:
1901 1355 2011 1393 non
2064 1346 2248 1392 tamen

376 1433 618 1494 subsidii
663 1454 829 1514 opem
885 1431 1179 1491 subtrahat
1225 1431 1295 1490 ab
1340 1430 1475 1502 illa,
1526 1452 1698 1511 quam
1744 1429 2041 1488 infirmitas
2086 1450 2251 1510 prae-

370 1531 550 1614 pedit,
580 1543 633 1590 et
657 1552 768 1589 non
801 1528 1151 1588 detestabilis
1184 1528 1349 1610 culpa
1379 1527 1624 1587 excludit
1652 1529 1884 1606 (173).»
1902 1526 2031 1584 Dixi
2064 1538 2250 1585 autem

373 1628 653 1689 eiusmodi
686 1626 1007 1686 subsidium
1030 1626 1225 1684 saltem
1255 1627 1607 1706 aequivocum
1623 1671 1637 1694 ,
1668 1624 1840 1706 idque
1862 1636 1979 1683 tum
2003 1645 2069 1682 ex
2094 1637 2251 1705 parte

373 1725 688 1795 historica,
747 1736 863 1782 tum
916 1745 983 1782 ex
1028 1735 1186 1804 parte
1232 1722 1492 1781 iuridica.
1535 1722 1757 1780 Etenim
1802 1720 1989 1802 quoad
2034 1734 2248 1802 partem

371 1821 697 1882 historicam
724 1820 830 1879 hoc
857 1819 1140 1900 pontificis
1166 1819 1503 1900 rescriptum
1526 1817 1620 1877 alii
1646 1818 1704 1875 in
1729 1818 1964 1876 dubium
1991 1831 2251 1878 revocant

371 1940 437 1977 ex
468 1939 535 1977 eo
567 1915 717 1998 quod
757 1915 862 1974 sub
899 1914 1023 1973 eius
1060 1936 1387 1974 successore
1433 1914 1701 1974 Zacharia
1745 1914 2004 1996 quamvis
2051 1913 2249 1974 sedulo

372 2014 429 2072 in
475 2011 745 2073 archiviis
783 2009 1032 2070 romanis
1063 2010 1444 2092 conquisitum
1478 2010 1672 2082 fuerit,
1710 2023 1990 2091 repertum
2021 2010 2252 2070 minime

372 2183 462 2224 cap.
482 2177 545 2212 31.
564 2170 637 2211 lib.
652 2172 808 2211 IV.nec
827 2180 909 2210 non
930 2169 1154 2219 Basnagius
1172 2169 1215 2208 in
1233 2167 1396 2209 Annal.
1412 2167 1855 2219 politico-ecclesiast.
1868 2167 1918 2208 ad
1935 2179 2000 2208 an.
2014 2172 2103 2209 375.
2122 2179 2163 2207 n.
2177 2170 2247 2207 IV.

371 2239 444 2290 qui
471 2249 564 2278 cum
592 2238 725 2277 totum
750 2236 828 2276 hoc
854 2235 1062 2285 negotium
1101 2234 1384 2286 expendisset,
1410 2233 1645 2274 concludit:
1663 2252 1681 2269 «
1703 2237 1817 2281 Quae
1852 2235 1975 2285 igitur
2009 2235 2061 2274 de
2098 2234 2252 2274 lustina

330 2333 339 2342 .
371 2305 530 2356 virgine
555 2305 743 2344 Socrates
770 2303 931 2352 narrat,
958 2312 1010 2342 ea
1035 2303 1141 2342 sunt
1162 2313 1190 2342 a
1210 2312 1313 2341 vero
1329 2312 1511 2353 prorsus
1542 2301 1705 2342 aliena.
1731 2302 1932 2341 Defuncta
1957 2313 2055 2353 ergo
2076 2304 2250 2352 Severa,

374 2371 687 2413 Valentinianus
710 2370 889 2410 Iustinae
914 2369 1077 2420 nuptias
1105 2368 1277 2420 adeptus
1304 2370 1406 2408 est.»
1429 2372 1543 2415 Quae
1562 2379 1656 2408 cum
1681 2368 1737 2408 ita
1761 2369 1865 2419 sint,
1892 2369 2026 2408 nescio
2054 2368 2162 2407 unde
2182 2368 2249 2407 de·

373 2437 594 2488 sumpserit
608 2447 746 2477 recens
763 2438 906 2476 auctor
923 2434 1390 2486 Basnagiumadducere
1403 2447 1477 2487 pro
1494 2434 1723 2486 polygamia
1740 2435 1868 2485 legem
1884 2435 2090 2475 attactum
2108 2435 2251 2474 Valen-

372 2505 538 2555 tiniani,
553 2506 593 2544 et
608 2503 793 2556 Gregorii
812 2505 866 2543 11.
881 2513 983 2543 rom.
1001 2502 1221 2554 pontificis,
1236 2514 1328 2542 cuin
1346 2503 1567 2554 Basnagius
1587 2502 1780 2543 refellerit
1796 2504 2017 2553 Socratem,
2033 2513 2106 2541 nec
2125 2501 2252 2541 ullam

374 2582 542 2624 prorsus
564 2569 751 2621 Gregorii
775 2571 826 2609 ΙΙ.
847 2569 1096 2609 mentionem
1114 2569 1312 2609 iniecerit.
1333 2571 1511 2609 Rursum
1534 2569 1711 2609 Baronio
1735 2580 1782 2609 ex
1809 2579 1891 2619 quo
1915 2579 1991 2608 nos
2013 2568 2253 2618 argumenta

373 2638 426 2678 ad
445 2637 624 2678 Socratis
651 2635 921 2687 respuendam
948 2635 1226 2675 narrationem
1245 2635 1548 2686 desumpsimus
1570 2635 1844 2686 adstipulatus
1860 2634 1981 2674 etiam
2003 2635 2064 2674 est
2083 2646 2133 2674 ex
2157 2646 2248 2685 pro·

376 2704 623 2745 testantibus
653 2702 852 2743 Melchior
885 2701 1097 2742 Zeidlerus
1123 2701 1165 2741 in
1194 2702 1330 2741 Tract.
1347 2700 1397 2741 de
1413 2700 1643 2753 polygamia
1665 2712 1706 2753 p.
1735 2705 1802 2741 117
1828 2711 1944 2752 seqq.
1965 2700 2256 2741 Waechtlerus

375 2773 514 2811 tamen
534 2769 577 2809 in
597 2769 715 2821 epist.
744 2769 796 2808 ad
825 2770 884 2808 Io.
907 2767 1191 2807 Burchardum
1222 2767 1506 2807 Menckenium
1538 2768 1691 2808 inserta
1708 2769 1826 2808 Actis
1850 2767 2064 2808 eruditor.
2088 2769 2190 2807 tom.
2213 2772 2250 2807 5.

376 2836 657 2890 supplementi
680 2847 721 2888 p.
744 2842 815 2876 168
848 2847 934 2886 seq.
957 2846 1031 2876 nec
1057 2846 1139 2874 non
1157 2834 1352 2875 Vedelius
1378 2835 1450 2875 lib.
1475 2838 1537 2875 De
1559 2835 1806 2886 prudentia
1837 2836 1995 2875 veteris
2023 2834 2250 2882 ecclesiae,

377 2918 419 2958 p.
451 2911 543 2947 229.
571 2904 823 2955 antiquiores
856 2903 1059 2943 lutherani
1091 2902 1255 2943 Baronii
1286 2904 1523 2954 argumenta
1544 2902 1596 2942 ad
1615 2914 1682 2943 an.
1712 2906 1800 2943 370.
1823 2902 1926 2942 nihil
1956 2902 2078 2942 solidi
2106 2901 2256 2941 habere

380 2972 602 3013 affirmant.
616 2970 726 3013 Adeo
747 2972 918 3021 possunt
936 2969 978 3009 in
998 2969 1146 3009 animis
1162 2969 1381 3021 anticipata
1399 2969 1577 3009 iudicia!
1599 2969 1662 3009 Cf.
1676 2970 1834 3021 praeter
1846 2968 2066 3008 Baronium
2092 2979 2157 3009 an.
2178 2968 2250 3007 cit.

381 3053 427 3081 n.
447 3043 517 3081 124
548 3050 634 3090 seq.
649 3038 860 3078 Valesium
877 3038 920 3077 in
938 3037 1046 3076 notis
1060 3036 1112 3076 ad
1130 3037 1208 3077 loc.
1224 3037 1293 3077 cit.
1307 3037 1509 3088 Socratis,
1531 3036 1701 3087 pagium
1715 3036 1757 3075 in
1774 3037 1859 3076 not.
1873 3035 1925 3075 ad
1945 3046 2010 3074 an.
2034 3038 2123 3075 375.
2144 3045 2186 3075 n.
2209 3041 2246 3076 5.

377 3108 471 3149 Nat.
486 3106 656 3147 Alexan.
677 3106 719 3145 in
742 3115 824 3146 sec.
844 3106 964 3145 lV.c.
981 3104 1057 3143 ult.
1070 3105 1146 3143 art.
1162 3105 1232 3142 lv.
1245 3104 1378 3154 Atque
1395 3103 1500 3142 inter
1517 3103 1629 3153 ipsos
1644 3103 1912 3153 protestantes
1931 3103 2090 3153 praeter
2102 3103 2250 3142 Basna-

382 3175 517 3227 gium,
536 3172 861 3214 Puffendorfium
881 3174 944 3211 De
963 3173 1060 3211 iure
1075 3172 1266 3210 naturae
1285 3172 1326 3210 et
1345 3172 1557 3220 qentium.
1577 3169 1833 3210 Francosurti
1852 3169 1903 3209 ad
1923 3171 2115 3209 Moenum
2136 3172 2249 3209 1706.

384 3244 486 3282 tom.
508 3242 543 3282 I.
566 3239 637 3280 lib.
659 3241 730 3280 VI.
753 3249 843 3290 cap.
866 3240 896 3278 Ι.
915 3240 979 3277 De
1010 3238 1206 3277 matrim.
1226 3235 1264 3288 §.
1290 3241 1349 3277 16.
1369 3237 1411 3276 et
1432 3235 1669 3276 Buddaeum
1704 3238 1856 3276 Instit.
1894 3234 2025 3276 theol.
2055 3234 2248 3286 doqmat.

380 3309 543 3361 Lipsiae
569 3311 681 3349 1741.
700 3307 773 3347 lib.
790 3309 842 3347 V.
865 3316 901 3346 c.
921 3308 993 3346 Vl.
1016 3304 1054 3356 ς.
1071 3308 1136 3345 41.
1156 3304 1197 3343 in
1216 3305 1302 3344 not.
1322 3315 1414 3355 pag.
1442 3309 1553 3344 1319.
1574 3303 1646 3354 qui
1667 3303 1818 3354 pariter
1838 3302 2039 3343 eiusmodi
2059 3302 2250 3343 fabellam

378 3375 607 3417 confutant.
628 3376 764 3422 Quare
781 3373 932 3414 mirum
956 3373 1039 3423 est,
1066 3371 1178 3423 quod
1199 3371 1289 3411 Alb.
1308 3370 1520 3410 Fabricius
1539 3370 1581 3409 in
1603 3381 1676 3409 sua
1693 3369 2027 3421 Btbltoqraphz'a
2047 3370 2252 3420 antiqua·

383 3445 476 3492 ria,
498 3454 534 3483 c.
555 3444 643 3482 XX.
663 3441 701 3494 §.
722 3445 772 3481 X.
793 3440 929 3480 adhuc
954 3439 1068 3479 visus
1097 3439 1152 3479 sit
1183 3439 1289 3478 hanc
1319 3438 1499 3478 Socratis
1530 3437 1805 3476 narrationem
1825 3437 2054 3477 admittere.

504 3508 614 3561 (173)
640 3508 759 3560 Apud
793 3508 1021 3559 Hartzeim,
1056 3506 1254 3547 Concilta
1284 3507 1551 3557 qermanica.
1581 3505 1726 3544 Coton.
1755 3504 1920 3557 Agripp.
1955 3508 2068 3545 1759.
2094 3505 2193 3544 tom.
2217 3505 2249 3541 l.

384 3588 424 3627 p.
450 3581 511 3617 34.
529 3587 575 3616 ac
594 3575 764 3617 refertur
784 3586 807 3616 a
826 3575 1023 3616 Gratiano
1043 3576 1188 3616 Causa
1210 3574 1371 3614 xxxii.
1399 3584 1440 3623 q.
1462 3574 1532 3613 VI.
1553 3582 1641 3623 cap.
1662 3572 1807 3612 xvm.
