2320 4030
366 222 435 276 28
645 240 743 278 LIB.
781 238 857 277 111.
895 235 1036 275 SECT.
1077 236 1110 272 l.
1153 235 1212 273 DE
1245 235 1399 274 MATR.
1433 234 1631 274 CffluST.
1666 236 1903 275 UNITATE.

361 337 603 418 exceptis
640 333 936 394 admodum
971 333 1193 414 paucis,
1243 333 1339 415 qui
1386 354 1494 391 non
1541 332 1804 405 libidine,
1855 335 1952 393 sed
1995 337 2066 395 ob
2110 360 2209 395 no-

362 433 626 492 bilitatem
670 429 926 511 plurimis
977 430 1191 510 nuptiis
1236 429 1576 488 ambiuntur.
1602 430 1927 509 «VirgineS‚
1984 432 2164 514 inquit
2190 483 2201 503 ,

361 552 532 588 unum
564 526 847 607 accipiunt
883 526 1171 598 maritum,
1213 526 1489 608 quomodo
1527 549 1697 585 unum
1739 548 1972 608 coerS,
2014 551 2210 588 unam-

361 646 468 705 que
508 623 715 693 vitam,
760 643 860 681 nec
905 622 1018 681 ulla
1060 623 1318 702 cogitatio
1362 622 1536 692 ultra,
1589 645 1689 682 nec
1733 623 1950 702 longior
1993 625 2209 706 cupidi-

362 732 475 789 taS‚
525 740 593 777 ne
636 730 918 799 tamquam
973 719 1272 786 maritum,
1324 717 1423 776 sed
1474 731 1753 799 tamquam
1800 719 2206 778 matrimonium

359 828 542 874 ament
570 817 757 893 (65>.»
776 815 856 874 De
887 814 1284 874 recentioribus
1309 836 1419 872 non
1444 813 1666 895 loquor;
1691 829 2031 895 compertum
2059 816 2207 874 enim

359 924 445 970 est
483 933 594 971 non
639 911 759 970 leve
801 911 1151 971 obstaculum
1190 911 1428 991 experiri
1472 910 1612 990 legis
1657 911 2008 991 evangelicae
2051 935 2210 994 prae-

359 1029 524 1068 cones
574 1009 631 1066 in
687 1008 977 1067 suadenda
1030 1008 1338 1067 christiana
1394 1006 1661 1086 religione
1711 1030 1887 1089 eaque
1938 1009 2208 1067 firmanda

359 1103 509 1185 apud
557 1103 812 1164 infideles
855 1105 1108 1165 nationes
1146 1105 1279 1163 dum
1314 1127 1378 1163 ex
1417 1105 1760 1185 praescripto
1799 1103 1938 1183 legis
1975 1128 2211 1184 evange-

358 1199 498 1260 licae
534 1199 909 1282 polygamiam
953 1200 1173 1260 abolere
1211 1201 1462 1260 nituntur
1492 1203 1638 1278 (66).

478 1297 558 1354 Ex
591 1296 696 1356 hac
727 1319 890 1378 porro
921 1297 1034 1356 fere
1069 1297 1374 1357 universali
1417 1297 1766 1379 polygamiae
1805 1299 2205 1357 consuetudine

359 1393 610 1453 nonnulli
636 1393 941 1453 intulerunt
966 1394 1118 1453 illam
1142 1394 1293 1453 nullo
1317 1393 1481 1453 modo
1506 1394 1614 1473 legi
1642 1393 1880 1452 naturali
1904 1395 2205 1455 adversari.

357 1490 609 1549 Attamen
654 1491 965 1551 communis
1004 1485 1385 1570 theologorum
1417 1490 1690 1550 sententia
1720 1504 1804 1550 est
1833 1490 2209 1572 polygamiam

357 1586 445 1645 sin
489 1587 676 1645 minus
720 1587 983 1668 primario
1031 1601 1260 1647 naturae
1303 1587 1445 1658 iuri,
1498 1586 1693 1646 saltem
1738 1587 2070 1647 secundario
2115 1610 2211 1647 seu

355 1682 602 1742 derivato
647 1705 774 1742 esse
816 1684 1187 1755 contrariam,
1244 1707 1440 1766 nempe
1494 1683 1948 1743 conclusionibus
1989 1707 2052 1743 ex
2100 1685 2212 1766 pri-

355 1778 546 1837 mariis
592 1779 903 1859 praeceptis
947 1780 1235 1850 deductis,
1280 1793 1341 1839 ut
1378 1780 1625 1861 loquitur
1659 1779 1979 1859 Angelicus.
2012 1782 2073 1837 In
2106 1781 2212 1839 hac

357 1888 542 1935 autem
587 1875 863 1934 sententia
893 1877 1098 1935 tuenda
1126 1877 1503 1936 diversimode
1534 1876 1775 1955 theologi
1808 1876 2097 1947 incedunt;
2136 1878 2213 1935 si-

356 1971 582 2052 quidem
606 1971 860 2031 nonnulli
891 1986 1076 2032 tenent
1099 1973 1224 2032 ideo
1249 1974 1627 2055 polygamiam
1659 1973 1779 2031 iure
1810 1972 2045 2031 naturali
2088 1995 2212 2032 esse

357 2068 726 2149 prohibitam,
769 2070 903 2150 quia
947 2070 1292 2129 secundariis
1339 2070 1665 2130 adversatur
1706 2070 2041 2129 matrimonii
2086 2070 2213 2128 fini-

478 2327 559 2379 (65)
592 2331 649 2369 De
667 2329 820 2368 morth.
835 2339 1078 2379 qcrmauor.
1093 2340 1135 2368 n.
1155 2328 1354 2370 18·19.e‹l.
1375 2331 1496 2368 Taur.
1517 2335 1628 2368 1821.
1644 2330 1743 2368 tom.
1759 2331 1825 2368 lv.
1842 2328 1905 2368 Cf.
1923 2327 2210 2378 Reinegyeruni

355 2406 423 2444 qu.
447 2401 510 2434 02.
530 2395 580 2435 ael
605 2396 812 2446 Tacitum
841 2407 913 2435 nec
940 2407 1018 2435 non
1051 2396 1279 2436 Zeidlerum
1308 2396 1348 2435 in
1377 2396 1448 2435 lib.
1471 2398 1533 2436 ,De
1550 2395 1813 2447 polyqamia.

478 2463 558 2513 (66)
587 2466 673 2502 Non
688 2464 810 2503 aliam
823 2464 932 2504 viani
946 2464 996 2504 ad
1013 2465 1091 2504 boc
1109 2464 1381 2515 superandum
1401 2464 1656 2504 obstaculum
1675 2464 1941 2515 protestantes
1954 2463 2208 2512 invenerunt,

356 2540 478 2579 «piam
510 2531 778 2582 polyganiiain
811 2533 896 2572 suis
926 2532 1132 2572 conversis
1150 2535 1220 2572 aut
1239 2531 1522 2571 convertendis
1548 2531 1776 2582 indulgere,
1799 2530 1924 2580 idque
1943 2529 2105 2581 publico
2129 2531 2209 2568 sut-

357 2597 481 2646 fragio
503 2598 542 2637 et
562 2597 731 2636 consilio
762 2597 1039 2638 decreverunt.
1057 2598 1248 2649 Legimus
1281 2599 1389 2638 enim
1423 2598 1461 2637 in
1493 2598 1651 2648 epliem.
1668 2598 1854 2637 Tribune
1879 2597 1931 2637 (lc
1952 2595 2211 2636 Ναῑυ-Υονείς

354 2664 609 2703 collationem
641 2665 817 2704 habitam
850 2665 972 2705 fuisse
1000 2665 1205 2705 dictorum
1227 2667 1607 2706 missionartorum
1628 2665 1939 2716 protestantium
1960 2663 2209 2711 Calecutiae,

356 2730 421 2768 cui
449 2729 718 2770 interfuerunt
738 2731 912 2770 ministri
939 2730 1226 2782 episcopaliani
1247 2762 1258 2781 ‚
1291 2729 1594 2782 presbiteriani‚
1629 2730 1923 2780 metliodislae,
1956 2729 2154 2780 baptistae
2173 2732 2212 2768 et

356 2797 803 2847 congregationalistae,
824 2800 995 2850 postque
1014 2798 1261 2850 profundum
1281 2799 1479 2849 studium,
1503 2799 1720 2850 pluresque
1743 2797 2082 2846 consultationes,
2102 2806 2211 2835 'etna-

355 2865 556 2903 m‘mitate
589 2865 878 2915 suffragiorum
907 2866 1087 2906 decisum
1123 2867 1204 2916 est,
1235 2865 1348 2916 qnod
1368 2866 1444 2905 «Si
1474 2877 1528 2904 un
1561 2865 1767 2914 converti,
1805 2866 1927 2904 avant
1963 2863 2013 2903 ‹le
2046 2862 2213 2902 devenir

354 2930 556 2979 onumen,
577 2942 600 2970 a
619 2932 768 2982 epouse
788 2932 879 2983 plus
905 2932 1025 2972 d'une
1055 2933 1200 2972 femme
1222 2933 1387 2973 suivant
1408 2933 1447 2972 la
1469 2933 1655 2983 pratique
1688 2933 1758 2971 des
1790 2932 1909 2980 luifs‚
1938 2934 1978 2970 et
2005 2930 2106 2969 celle
2136 2929 2209 2968 (les

355 2996 505 3048 Aqlises
521 3000 787 3049 primitives,
808 2999 835 3038 il
860 2999 917 3038 lui
937 3010 1026 3039 sera
1047 3000 1195 3049 permis
1212 2999 1262 3039 de
1282 3000 1342 3039 les
1359 2999 1521 3049 qarder
1538 3001 1703 3046 tautam
1724 2998 1824 3037 mais
1838 2998 1863 3037 il
1880 3008 1928 3036 ne
1945 3008 2034 3036 sera
2051 2996 2209 3045 eligible

356 3064 378 3102 a
410 3075 566 3103 aucune
594 3064 746 3114 dignite
777 3064 877 3105 ‹lans
911 3065 1103 3115 l’eglise.»
1123 3067 1211 3106 Hoc
1238 3065 1450 3116 publicum
1473 3066 1760 3104 documentum
1791 3064 1910 3103 refert
1936 3064 2067 3103 David
2100 3063 2209 3101 Ellen

358 3131 636 3172 missionarius
660 3134 887 3183 protestans
920 3131 1029 3183 apud
1059 3132 1178 3172 indos
1202 3132 1318 3172 annis
1337 3138 1398 3172 25.
1415 3133 1455 3171 in
1477 3143 1543 3183 op.
1558 3134 1815 3172 Missionum
1834 3133 1958 3171 Asiae
1983 3130 2093 3181 quod
2124 3131 2208 3168 vul-

355 3199 467 3248 gavit
500 3199 541 3238 in
575 3199 795 3250 provinciis
832 3198 1048 3239 foederatis
1083 3199 1305 3239 Americae.
1326 3202 1402 3238 An.
1431 3204 1540 3239 1856.

476 3268 577 3305 Item
616 3266 844 3317 polygamia
864 3267 1158 3317 neophytorum
1180 3266 1349 3317 probata
1372 3266 1449 3306 fuit
1467 3277 1491 3306 a
1508 3266 1667 3317 Mylord
1688 3267 1858 3306 Celenzo
1878 3267 1917 3305 in
1940 3265 2122 3305 carraria
2142 3277 2207 3304 cu-

357 3332 420 3371 ius
438 3331 574 3371 extitit
593 3332 806 3383 episcopus
831 3332 1087 3382 anglicanus,
1117 3333 1188 3383 qui
1220 3343 1389 3372 cernens
1417 3332 1699 3372 difficultatem
1729 3343 1851 3383 quam
1879 3332 1979 3371 cafri
2015 3331 2208 3381 praesefe-

359 3399 499 3438 rebant
533 3398 585 3438 ad
623 3399 928 3439 conversionem
964 3398 1017 3438 ob
1056 3409 1232 3438 uxorum
1267 3399 1572 3450 pluralitatem,
1618 3399 1807 3449 expedire
1837 3398 2031 3437 iudicavit
2067 3399 2109 3436 ut
2143 3407 2210 3436 eas

357 3477 495 3505 omnes
513 3477 615 3517 quas
632 3466 832 3507 (luxerant
850 3466 1067 3506 retinerent
1082 3466 1203 3506 etiam
1224 3469 1315 3517 post
1340 3466 1599 3517 baptismum.
1624 3466 1686 3505 Cf.
1711 3467 1895 3505 univer&
1917 3473 1951 3505 9.
1967 3466 2069 3504 Aont
2096 3470 2205 3504 1850,

355 3533 415 3572 on
439 3533 669 3583 praeclaros
702 3534 910 3583 Evangelii
939 3536 1175 3585 pram-ones!
