2320 4030
246 228 275 280 6
528 243 627 283 un.
666 242 743 283 111.
782 240 921 281 SECT.
961 241 997 279 1.
1036 241 1099 280 DE
1132 241 1286 279 MATR.
1326 239 1528 280 CHRIST.
1559 241 1797 281 UNH'ATE.

239 342 386 399 ineat
429 340 598 399 altero
643 339 902 397 defuncto
945 337 1180 417 coniuge
1224 337 1489 417 nuptiaS,
1547 350 1641 396 aut
1691 350 1966 419 quatenus
2006 338 2091 399 al-

237 450 442 497 terutro
464 436 576 497 vita
600 436 786 494 functo
812 435 1063 493 eamdem
1086 456 1211 494 cum
1237 433 1408 493 altero
1439 434 1759 495 societatem
1790 436 2084 497 instaurat.

235 532 348 592 Sub
371 532 549 614 primo
574 544 830 613 respectu
855 530 1091 590 habetur
1114 529 1465 610 monogamia
1489 530 1759 611 perfecta,
1790 531 1894 590 sub
1918 532 2091 594 altero

238 629 589 707 monogamia
632 627 974 709 imperfecta.

354 724 495 782 Huic
548 723 748 782 unitati
801 735 916 780 tum
969 723 1283 803 perfectae,
1343 736 1458 781 tum
1513 723 1678 782 etiam
1732 723 2089 805 imperfectae

235 819 560 878 adversatur
603 817 923 899 polygamia
977 818 1308 877 simultanea
1360 840 1458 876 seu
1510 840 1743 876 uxorum
1799 817 2090 899 pluralitas

233 936 344 972 uno
376 913 683 995 eodemque
714 927 976 995 tempore,
1009 936 1109 972 nec
1140 935 1249 971 non
1273 912 1623 993 polyandria,
1653 935 1796 993 quae
1821 912 2079 985 habetur,

233 1030 358 1067 cum
403 1009 603 1068 mulier
646 1008 901 1090 pluribus
947 1008 1113 1067 simul
1157 1007 1423 1066 adhaeret
1460 1007 1617 1066 viris.
1657 1007 1850 1068 Unitas
1881 1009 2090 1090 imper-

232 1105 372 1164 fecta
412 1127 557 1186 quae
598 1105 812 1184 exurgit
854 1126 920 1164 ex
956 1104 1245 1164 iteratione
1276 1103 1519 1182 coniugii
1553 1103 1820 1164 alterutro
1851 1105 2089 1186 coniuge

231 1202 494 1261 defuncto
522 1250 534 1273 ‚
578 1201 741 1280 vulgo
795 1201 1148 1283 polygamiae
1191 1215 1285 1260 aut
1329 1200 1692 1282 polyandriae
1737 1202 2089 1262 successivae

231 1298 452 1357 nomine
496 1298 777 1377 designari
821 1297 1126 1357 consuevit.
1174 1297 1296 1367 Quo
1339 1297 1432 1368 fit,
1482 1310 1543 1355 ut
1585 1297 1797 1378 passim
1841 1298 2085 1379 theologi

229 1393 488 1453 bifariam
531 1394 876 1473 distinguant
919 1393 1295 1475 polygamiam
1339 1406 1393 1452 et
1435 1393 1855 1475 polyandriam,
1905 1394 1962 1452 in
2008 1395 2086 1455 si-

230 1488 568 1548 multaneam
611 1488 871 1548 videlicet
912 1501 965 1548 et
1007 1489 1064 1546 in
1110 1488 1508 1548 successivam.

346 1586 701 1667 Polygamiae
716 1607 821 1645 vox
845 1585 1105 1665 usurpari
1133 1584 1271 1644 solet
1294 1584 1364 1643 ad
1391 1584 1820 1664 significandam
1843 1584 2087 1666 plurium

233 1703 467 1740 uxorum
512 1702 636 1739 cum
679 1702 793 1740 uno
834 1681 954 1740 viro
998 1680 1463 1740 coniunctionem.
1494 1680 1563 1739 At
1593 1681 1816 1762 proprie
1859 1681 2087 1763 polyga-

232 1778 345 1836 mia
386 1800 490 1838 vox
534 1791 619 1837 est
660 1778 948 1857 generica,
996 1799 1140 1859 quae
1170 1778 1635 1859 multiplicitatem
1669 1777 1951 1858 significat
1980 1802 2084 1838 nu-

231 1875 500 1956 ptiarum,
548 1875 707 1933 cuius
750 1874 922 1934 veluti
966 1875 1184 1955 species
1228 1887 1359 1934 sunt
1401 1873 1734 1956 polyandria
1765 1887 1818 1934 et
1848 1875 2087 1957 polygy-

233 1971 345 2030 nia.
394 1971 611 2052 Duplex
670 1971 860 2052 itaque
902 1983 987 2031 est
1043 1970 1394 2053 polygamiae
1457 1971 1845 2050 significatio;
1911 1972 2085 2032 altera

230 2067 520 2145 generica,
570 2067 742 2126 altera
782 2088 912 2126 vero
956 2067 1219 2148 specifica
1262 2089 1403 2149 quae
1448 2067 1787 2149 aequipollet
1850 2068 2083 2151 polygy-

231 2162 375 2220 niae.
420 2162 532 2221 Nos
576 2184 609 2220 a
652 2162 929 2221 communi
983 2162 1247 2243 loquendi
1304 2163 1517 2222 ratione
1559 2162 1877 2222 nullatenus
1930 2186 2081 2224 rece-

229 2258 447 2317 demus.

349 2354 417 2413 Ut
460 2354 649 2435 itaque
693 2354 969 2437 quidquid
1014 2354 1083 2414 de
1126 2356 1338 2415 unitate
1392 2355 1681 2415 christiani
1739 2356 2077 2416 matrimonii

227 2449 527 2509 dicendum
572 2463 657 2509 est
699 2450 1158 2531 complectamur,
1209 2451 1268 2508 in
1300 2451 1410 2511 duo
1441 2452 1624 2533 capita
1654 2451 1891 2532 primam
1933 2451 2082 2511 hanc

228 2546 527 2606 sectionem
572 2547 901 2628 partiemur,
951 2569 1015 2606 ac
1059 2547 1213 2628 prius
1258 2547 1328 2606 de
1372 2548 1732 2620 simultanea,
1772 2547 1976 2607 deinde
2007 2548 2078 2607 de

230 2643 550 2702 successiva
594 2643 914 2724 polygamia
957 2643 1392 2726 disputabimus.

349 2738 510 2807 Quod
554 2738 625 2796 ad
671 2738 1059 2797 simultaneam
1118 2739 1314 2798 attinet
1370 2739 1774 2822 polygamiam‚
1822 2741 1915 2799 vix
1967 2740 2083 2799 ulla

228 2834 465 2892 occurrit
509 2834 765 2914 quaestio
809 2834 857 2893 si
890 2855 1073 2894 sermo
1106 2834 1178 2894 sit
1209 2835 1279 2894 de
1310 2834 1627 2915 pluralitate
1662 2837 1936 2907 virorum,
1984 2858 2083 2894 seu

227 2930 295 2987 de
338 2929 702 3011 polyandria:
738 2930 978 2990 breviter
1008 2930 1195 3011 itaque
1224 2931 1345 2990 eius
1380 2932 1728 3003 foeditatem,
1766 2932 1885 2991 solo
1915 2932 2080 2991 etiam

228 3025 477 3106 inspecto
521 3038 750 3084 naturae
792 3025 930 3095 iure,
980 3026 1358 3085 ostendemus.
1399 3028 1455 3084 Si
1498 3050 1627 3086 vero
1672 3050 1853 3087 sermo
1898 3028 1971 3086 sit
2012 3027 2082 3086 de

230 3120 543 3200 pluralitate
600 3143 832 3180 uxorum
890 3143 987 3180 seu
1042 3122 1112 3179 de
1162 3122 1499 3203 polygynia,
1549 3146 1691 3205 quae
1732 3137 1793 3182 ut
1834 3123 2079 3182 diximus

228 3217 546 3299 polygamia
589 3217 858 3298 appellari
899 3217 1066 3289 solet,
1115 3218 1404 3299 multiplex
1447 3219 1550 3277 erit
1587 3220 1840 3301 quaestio
1877 3241 2083 3301 expen-

189 3300 439 3372 denda:
477 3337 608 3372 num
653 3314 867 3374 scilicet
910 3336 976 3373 ea
1020 3315 1323 3396 primariae
1368 3330 1596 3375 naturae
1634 3316 1738 3395 legi
1786 3316 1861 3375 ita
1911 3316 2082 3375 refra-

226 3424 413 3488 getur,
464 3423 522 3469 ut
566 3411 637 3470 sit
681 3411 984 3487 intrinsece
1030 3410 1175 3470 mala
1218 3433 1282 3471 ac
1326 3434 1547 3493 semper
1577 3412 1801 3483 illicita3
1838 3435 1908 3471 an
1949 3433 2081 3471 vero

227 3506 404 3565 solum
450 3507 840 3587 quadantenus
872 3523 1101 3569 naturae
1129 3508 1236 3587 legi
1270 3509 1621 3580 adversetur,
1659 3509 1852 3590 illique
1895 3509 2080 3590 potius
