2320 4030
367 227 436 282 52
643 245 741 283 Lm.
772 242 847 281 111.
886 241 1025 280 51161.
1055 241 1090 278 1.
1128 240 1191 278 DE
1235 241 1390 278 MATR.
1428 240 1627 279 61111151.
1667 240 1905 282 υΝιΤΑΤΕ.

363 343 508 400 mine
551 354 851 399 sanctorum
894 339 1300 395 novissimorum
1341 337 1566 395 dierum.
1612 338 1709 396 Isti
1749 361 1878 398 vero
1921 342 2208 398 novissimi

360 439 536 495 sancti
560 460 625 494 ex
657 433 958 514 prophetae
988 454 1087 491 seu
1120 433 1394 513 praesidis
1428 434 1513 491 sui
1547 433 1708 492 venia
1750 446 1887 505 treS,
1924 450 2192 515 quatuor,

362 546 456 590 aut
498 531 684 610 plures
729 529 935 587 ducunt
978 550 1203 599 uxoreS,
1254 528 1553 608 repudiant
1595 542 1689 587 aut
1718 529 2010 589 immutant
2039 545 2200 611 prout

363 627 499 706 ipsis
544 624 785 682 libuerit.
824 624 941 682 Hac
983 624 1051 681 de
1094 645 1262 682 causa
1303 623 1682 682 difficultatem
1714 624 2011 682 maximam
2041 647 2201 705 expe-

361 721 574 778 riuntur
617 718 672 776 in
719 732 868 778 secta
915 719 1272 800 propaganda
1314 740 1483 799 penes
1522 718 1819 796 gubernia,
1868 741 2012 799 quae
2052 719 2202 778 eius-

359 815 506 873 modi
541 815 863 874 scandalum
894 815 1127 874 tolerare
1172 814 1386 873 nolunt.

478 912 592 969 Iam
634 923 694 969 ut
737 911 806 969 ad
852 934 965 970 rem
1010 910 1366 979 accedamus,
1416 922 1633 989 praeter
1675 910 2052 991 polygamiam
2096 910 2199 975 for-

358 1006 557 1064 malem
601 1005 988 1064 simultaneam
1031 1006 1086 1064 vi
1131 1005 1291 1063 cuius
1334 1025 1445 1062 uno
1489 1003 1798 1084 eodemque
1828 1018 2074 1084 tempore
2113 1005 2203 1063 vir

357 1124 501 1160 unus
532 1101 719 1181 plures
754 1101 916 1160 simul
949 1122 1148 1159 uxores
1184 1101 1409 1169 retinet,
1448 1097 1620 1156 altera
1651 1098 2044 1177 distinguenda
2083 1113 2197 1166 est,

357 1219 482 1254 cum
513 1196 755 1255 secunda
786 1197 1005 1255 ducitur
1035 1217 1172 1254 uxor
1196 1194 1367 1275 priori
1400 1193 1589 1251 adhuc
1609 1193 1849 1264 vivente,
1878 1195 1975 1252 sed
2001 1217 2099 1275 per
2119 1195 2204 1252 di-

355 1292 588 1351 vortium
621 1291 938 1373 repudiata,
969 1304 1062 1349 aut
1083 1290 1339 1368 coniugio
1374 1288 1574 1369 quavis
1608 1288 1677 1345 de
1705 1309 1875 1346 causa
1904 1289 2197 1349 dissoluto.

478 1388 591 1445 Iam
636 1409 765 1446 vero
809 1387 957 1468 prior
1002 1385 1352 1467 polygamia,
1407 1384 1454 1442 si
1499 1382 1782 1464 excipias,
1837 1396 1898 1442 ut
1926 1384 2196 1454 diximus,

357 1482 735 1552 mormonitas,
772 1481 968 1538 nullibi
1001 1480 1148 1560 apud
1184 1491 1549 1560 protestantes
1586 1477 1828 1535 obtinet:
1858 1490 1913 1536 at
1935 1479 2206 1558 posterior

358 1599 528 1657 penes
573 1576 796 1635 eosdem
840 1575 1151 1635 communis
1196 1588 1310 1643 est,
1345 1574 1512 1632 immo
1555 1573 1721 1631 etiam
1760 1573 1905 1655 apud
1950 1573 2073 1632 illos
2114 1596 2206 1632 ca-

358 1671 590 1730 tholicos
635 1670 867 1752 populos
901 1671 958 1727 in
990 1669 1194 1750 quibus
1223 1670 1375 1748 viget
1405 1669 1491 1726 lex
1523 1667 1592 1726 de
1623 1669 1971 1727 matrimonio
2011 1669 2197 1740 civili,

359 1781 417 1825 ut
462 1767 518 1823 in
563 1766 744 1846 primo
786 1763 928 1823 libro
972 1763 1337 1823 ostendimus.
1374 1765 1512 1822 Nam
1558 1763 1750 1821 eadem
1794 1763 2041 1833 ratione,
2092 1786 2203 1843 qua

358 1861 538 1920 civilis
569 1861 739 1919 codex
771 1860 950 1918 sancit
981 1859 1393 1918 matrimonium
1434 1858 1595 1917 civile
1618 1906 1629 1928 ,
1681 1858 1858 1916 sancit
1894 1859 2059 1916 etiam
2099 1858 2206 1917 sub

360 1957 505 2014 datis
537 1955 948 2015 conditionibus
982 1954 1224 2031 coniugii
1256 1953 1709 2023 dissolutionem,
1740 1953 1989 2034 adeoque
2020 1954 2068 2012 is
2105 1955 2200 2034 qui

358 2051 597 2131 priorem
620 2050 911 2128 coniugem
937 2049 1279 2130 repudiavit,
1302 2049 1356 2107 vi
1383 2048 1632 2106 eiusdem
1655 2048 1795 2127 legis
1819 2049 1982 2107 aliam
2001 2050 2203 2107 ducere

358 2159 564 2227 potest,
615 2145 783 2225 priori
828 2145 1010 2203 adhuc
1055 2143 1383 2224 superstite;
1421 2157 1475 2202 et
1504 2144 1609 2202 hac
1643 2144 1851 2203 ratione
1882 2144 2199 2225 polygamia

359 2240 689 2299 simultanea
731 2239 879 2320 apud
924 2240 1078 2319 ipsos
1123 2240 1457 2299 christianos
1504 2240 1803 2299 invehitur.

481 2335 662 2405 Quum
694 2335 862 2413 igitur
890 2335 1127 2394 dicimus
1158 2335 1532 2417 polygamiam
1564 2336 1951 2394 simultaneam
1985 2337 2040 2393 in
2081 2336 2203 2414 lege

360 2431 679 2510 evangelica
702 2431 962 2490 abolitam
985 2453 1129 2502 esse,
1152 2432 1221 2490 de
1243 2445 1475 2512 utraque
1498 2431 1846 2513 polygamiae
1872 2454 2056 2513 specie
2079 2432 2202 2491 heic

361 2528 632 2587 recensita
662 2527 1024 2596 disserimus;
1063 2527 1338 2607 siquidem
1370 2549 1477 2585 non
1510 2528 1695 2585 minus
1727 2528 1997 2607 posterior
2031 2550 2198 2607 quam

361 2712 643 2760 excreverant,
667 2711 759 2750 inde
776 2711 925 2750 fuerint
944 2722 1013 2761 per
1034 2712 1115 2750 vim
1132 2712 1311 2762 expulsi,
1334 2712 1384 2750 ad
1405 2713 1552 2751 statum
1573 2714 1642 2762 qui
1667 2712 1838 2751 Illinc-Is
1858 2711 2023 2762 dicitur,
2041 2723 2084 2752 se
2099 2723 2205 2752 rece-

362 2780 505 2828 perunt
523 2809 534 2828 ,
565 2777 636 2817 ubi
662 2778 801 2818 urbem
829 2778 1095 2817 aedificarunt
1117 2789 1238 2828 quam
1258 2780 1440 2818 Nauvoo
1465 2779 1736 2829 appellarunt,
1760 2790 1863 2829 quae
1880 2780 1961 2819 cito
1977 2779 2202 2819 numeravit

360 2844 589 2894 quindecim
619 2844 747 2883 millia
773 2844 996 2884 incolarum
1016 2844 1067 2883 ad
1088 2856 1234 2884 novam
1251 2845 1355 2884 hanc
1369 2845 1464 2884 Sion
1484 2856 1533 2884 ex
1552 2844 1676 2885 variis
1693 2845 1897 2884 Americae
1914 2845 2109 2895 statibus,
2128 2855 2201 2884 1166

360 2921 439 2949 11011
459 2921 505 2949 cx
527 2910 689 2960 Angli-a,
713 2909 845 2949 scotia
863 2912 902 2950 et
921 2910 1112 2950 Hibernia
1133 2911 1304 2960 aliisque
1328 2910 1427 2949 locis
1453 2911 1673 2950 accitorum
1692 2910 1740 2949 ad
1760 2911 1855 2949 novi
1869 2911 2073 2960 Evangelii
2091 2922 2199 2962 prae·

359 2976 616 3015 dicationem.

480 3042 682 3080 Hactenus
715 3042 906 3091 Iosephus
936 3042 1066 3081 Smith
1098 3042 1137 3080 in
1164 3042 1287 3081 citata
1314 3042 1497 3092 epistola.
1529 3042 1729 3081 Nonnulla
1761 3043 1964 3091 praeterea
1995 3042 2114 3091 paulo
2142 3042 2199 3079 in·

362 3107 482 3146 serius
507 3107 582 3146 1166
604 3106 655 3146 de
677 3109 784 3146 secta
812 3106 1039 3147 innnemus.
1075 3107 1240 3146 Interim
1273 3108 1524 3158 compertum
1543 3108 1603 3146 est
1620 3108 1793 3157 primam
1816 3107 2012 3157 originem
2038 3108 2099 3146 tot
2115 3107 2200 3146 tan-

362 3176 575 3224 tarumque
605 3173 794 3213 fraudum
823 3184 868 3212 ac
896 3173 1153 3223 illusionum,
1182 3173 1306 3212 fuisse
1335 3172 1650 3223 manuscriptam
1674 3173 1850 3212 fabulam
1871 3172 2105 3223 (Romanzo)
2125 3173 2200 3212 sub

359 3240 478 3280 initio
497 3239 620 3279 liuius
639 3240 790 3279 saeculi
814 3251 838 3278 a
865 3239 1050 3279 ministro
1076 3240 1322 3290 protestante
1350 3239 1553 3289 ingeniose
1577 3238 1822 3278 elaboratam
1857 3238 2017 3289 quaein
2040 3238 2198 3288 Iosephi

359 3306 493 3345 Smith
525 3317 667 3346 manus
698 3305 880 3355 devenit,
908 3306 949 3345 in
973 3316 1053 3356 qua
1080 3305 1217 3344 decem
1239 3304 1416 3344 tribuum
1437 3304 1558 3344 lsrael
1581 3304 1621 3342 in
1640 3305 1864 3344 American}
1884 3304 2116 3354 emigratio,
2135 3314 2199 3343 ea-

363 3383 451 3411 rum
472 3371 790 3422 vicissitudines,
814 3371 1019 3421 futurique
1043 3372 1208 3411 eventus
1231 3370 1380 3410 biblico
1406 3369 1691 3420 prophetarum
1720 3370 1824 3420 stylo
1854 3367 2195 3409 describebantur.

363 3438 423 3477 Cf.
446 3440 621 3488 llarpers
653 3440 752 3478 Now
783 3436 975 3487 monelely
1004 3438 1243 3487 Muqaz-ine.
1270 3437 1366 3475 Nevv
1394 3435 1503 3474 York
1538 3440 1646 3475 1853.
1672 3435 1733 3473 vol
1770 3437 1837 3473 Vl.
1871 3434 1951 3474 The
1980 3436 2197 3473 Mormmis

365 3515 450 3553 pag.
475 3507 562 3543 607.
