2320 4030
541 275 641 322 mn.
666 276 747 323 m.
777 276 918 322 sacr.
947 283 984 321 1.
1013 281 1078 321 m:
1108 281 1264 322 mrn.
1292 281 1493 322 cnmsr.
1523 272 1761 323 tim-rm.
2026 259 2060 322 Ἴ

234 381 416 438 minus
459 379 756 439 conformis
797 398 964 459 quam
1008 376 1078 435 ab
1119 398 1184 435 ea
1226 398 1453 458 prorsus
1501 378 1775 438 difformis
1825 378 2062 440 dicenda

230 475 338 546 -sit;
374 497 444 534 an
485 497 550 534 ea
590 475 777 535 divino
818 461 938 532 iure
977 473 1144 531 etiam
1174 484 1301 531 ante
1336 474 1699 555 Evangelium
1737 475 1904 536 vetita
1944 475 2064 536 fue-

232 574 329 642 rit,
358 571 496 630 adeo
518 571 720 630 ut'sine
740 561 928 629 divina
948 560 1363 648 dispensatio-ne
1384 569 1717 651 frequentari
1738 570 1887 630 licite
1907 593 2064 630 num—

229 689 395 746 quam
429 664 690 747 potuerit;
727 685 798 722 an
828 662 1068 743 denique
1097 662 1154 720 in
1198 661 1318 742 lege
1347 662 1679 743 Evangelica
1722 666 1795 725 sit
1836 666 2059 725 omnino

227 761 464 832 abo-lita,
513 759 651 818 adeo
692 770 753 817 ut
792 758 978 818 unitas
1022 758 1234 818 censeri
1285 758 1484 817 debeat
1534 760 1715 838 prima
1771 761 2059 820 christiani

231 854 562 914 matrimonii
604 853 930 935 proprietas,

350 943 509 1019 Quod
556 971 685 1009 vero
736 961 948 1029 spectat
994 949 1063 1007 ad
1105 948 1479 1029 polygamiam
1534 950 1940 1023 successivam,
1996 973 2062 1010 ea

222 1045 481 1127 quamvis
537 1043 734 1104 unitati
789 1044 1078 1103 christiani
1129 1035 1464 1103 matrimonii
1522 1065 1633 1103 non
1692 1045 2013 1106 adversetur
2040 1095 2052 1119 ‚

222 1141 346 1201 eius
388 1154 569 1200 tamen
611 1140 931 1222 perfectioni
967 1140 1150 1199 minus
1187 1139 1460 1219 congruit.
1505 1139 1649 1199 Hinc
1692 1140 1928 1201 ecclesia
1973 1165 2061 1203 se-

221 1237 436 1296 cundas
478 1235 877 1316 ulterioresque
919 1234 1142 1316 nuptias
1200 1256 1420 1316 semper
1475 1235 1699 1317 quidem
1756 1235 1952 1296 habuit
2001 1252 2061 1298 ut

223 1332 438 1392 validas
481 1343 646 1412 atque
696 1331 1003 1410 legitimas,
1050 1343 1104 1388 at
1139 1329 1305 1389 simul
1362 1350 1491 1412 erga
1545 1354 1641 1390 eas
1699 1332 2059 1413 disciplinam

223 1427 352 1508 plus
382 1427 637 1485 minusve
667 1447 913 1485 severam
944 1425 1228 1485 adhibuit:
1264 1427 1436 1488 nostri
1468 1427 1653 1508 itaque
1684 1429 1930 1488 muneris
1955 1429 2059 1488 erit

221 1522 490 1581 ecclesiae
533 1522 639 1580 hac
683 1521 753 1579 de
796 1543 853 1580 re
900 1520 1201 1580 doctrinam
1252 1520 1719 1604 disciplinamque
1755 1523 2053 1584 illustrare.

347 1618 431 1675 Ita
472 1638 635 1698 porro
677 1619 723 1676 si
757 1638 855 1697 pro
883 1616 1096 1676 viribus
1127 1617 1550 1697 quaestionibus
1581 1615 2018 1679 satisfecerimus
2038 1668 2050 1692 ,

224 1733 369 1793 quas
399 1712 467 1771 de
497 1712 812 1793 polygamia
842 1711 1174 1771 simultanea
1201 1733 1267 1770 ac
1297 1714 1617 1773 successiva
1655 1713 2050 1786 indicavimuS‚

218 1829 286 1866 ‘eo
329 1808 454 1888 ipso
507 1807 688 1888 prima
739 1806 1027 1866 christiani
1083 1807 1418 1866 matrimonii
1470 1810 1811 1890 proprietas,
1859 1830 2058 1891 nempe

218 1902 436 1975 unitas,
486 1902 852 1972 illustrabitur
894 1916 948 1962 et
986 1902 1380 1963 vindicabitur.

931 2069 1203 2117 CAPUT
1229 2071 1287 2116 Ι.

737 2203 800 2242 1)ss
843 2198 1132 2243 POLYGAMIA
1174 2203 1518 2244 SIMULTANBA».

905 2329 1249 2376 ARTICULUS
1282 2330 1316 2374 1.

228 2446 333 2501 Non
367 2454 520 2501 solum
553 2453 801 2501 christiani
836 2453 1129 2501 Matrimonii
1158 2456 1361 2517 unitati,
1387 2455 1470 2504 sed
1505 2457 1594 2518 ipsi
1629 2455 1924 2504 Matrimonii
1958 2467 2042 2505 no-

339 2536 479 2596 tioni,
514 2539 725 2596 spectato
758 2536 901 2581 etiam
937 2534 1038 2582 solo
1073 2536 1176 2583 iure
1209 2542 1427 2599 naturae,
1463 2536 1640 2585 directe
1672 2539 1928 2600 opponitur
1960 2552 2042 2599 po*

343 2615 563 2677 lyandria
595 2621 641 2663 et
674 2629 880 2664 uxorum
916 2617 1210 2664 communio.

335 2751 435 2813 Vix
484 2755 615 2815 olim
660 2756 729 2815 de
771 2748 1097 2839 polyandria
1137 2780 1170 2816 a
1216 2757 1484 2838 theologis
1540 2753 1948 2818 disserebatur:
1995 2773 2049 2819 at

219 2849 543 2930 plerumque
573 2871 744 2929 penes
776 2871 966 2909 omnes
996 2850 1076 2909 uti
1109 2864 1286 2910 ratum
1318 2852 1598 2933 fixumque
1626 2851 2040 2925 assumebatur,

216 2965 337 3002 eam
362 2943 788 3003 abominandam
813 2945 1212 3026 turpitudinem
1235 2947 1593 3028 praeseferre.
1624 2945 1876 3006 Attamen
1900 2964 2046 3029 nunc

215 3040 461 3119 cogimur
483 3040 665 3120 ipsam
684 3040 887 3100 adoriri
906 3055 1199 3123 postquam
1219 3042 1448 3122 pessimi
1467 3041 1719 3101 homines
1738 3041 2044 3102 doctrinam

215 3133 284 3192 de
307 3133 633 3214 polyandria
654 3134 811 3194 soede
832 3135 1173 3195 invexerunt.
1202 3136 1611 3196 Sansimoniani
1637 3135 2045 3216 proclamarunt

213 3229 379 3288 veluti
411 3230 742 3312 principium
772 3231 1181 3291 fundamentale
1203 3233 1628 3291 communitatem
1649 3232 2005 3313 foeminarum
2019 3274 2035 3300 ,-

214 3346 278 3385 ac
305 3326 563 3406 foeminae
584 3329 1081 3407 emancipationem,
1110 3329 1396 3409 foeminam
1428 3327 1650 3386 liberam
1677 3329 1782 3406 (1).
1819 3328 2044 3386 Fourie-

330 3479 386 3530 (1)
412 3481 473 3519 lta
499 3480 622 3520 Louis
641 3481 763 3521 Blanc
790 3481 830 3521 in
852 3481 1042 3521 Histoire
1070 3481 1122 3522 de
1149 3481 1228 3522 dix
1257 3492 1350 3524 ans,
1371 3481 1483 3523 Paris
1505 3485 1616 3523 1842.
1639 3483 1741 3522 tom.
1766 3482 1819 3521 11.
1841 3491 1931 3532 pag.
1950 3487 2039 3522 269.

212 3542 281 3582 ubi
295 3544 454 3585 scribit:
469 3546 567 3586 «Les
579 3545 949 3588 saints-simoniens
966 3546 1214 3588 ebranlaient
1233 3546 1334 3587 dans
1348 3547 1386 3588 le
1401 3546 1530 3588 Globe
1542 3548 1674 3588 tontes
1689 3547 1745 3587 les
1757 3545 1910 3586 vieilles
1927 3546 2039 3586 bases
