2320 4030
386 353 581 394 CAP 11.
612 354 677 393 nt
709 351 998 393 POLYGAMIA
1028 350 1358 390 SUCCESSIVA.
1390 349 1504 389 ΛΒΤ.
1537 348 1572 388 1.
1846 328 1918 385 88

61 452 413 531 monogamia
447 499 460 524 ,
506 472 643 511 usus
686 447 1050 510 communiter
1091 443 1345 528 receptus
1403 444 1712 508 servandae
1756 445 1927 506 casti-

66 548 287 608 moniae
328 547 661 617 adstruitur,
699 545 797 606 sed
827 566 938 604 non
981 542 1106 602 ideo
1135 542 1415 603 secundae
1444 542 1672 625 nuptiae
1709 541 1791 602 uti
1832 562 1928 602 ve-

64 645 196 705 titae
240 644 681 727 proscribuntur.

185 742 267 799 De
308 753 490 800 mente
531 737 831 798 Clementis
889 734 1171 796 alexandr.
1223 756 1273 793 S.
1317 734 1542 806 Basilii,
1594 757 1643 795 s.
1681 733 1929 814 Gregorii

65 836 390 895 nazianzeni
415 883 427 907 ,
465 857 512 894 s.
543 835 621 893 Io.
658 831 1066 914 Chrysostomi,
1114 853 1162 891 s.
1191 829 1541 910 Hieronymi,
1568 830 1707 912 quin
1737 851 1930 890 eorum

67 931 385 992 testimonia
428 928 755 1009 singillatim
799 949 1232 1010 persequamur,
1281 947 1349 985 ex
1397 925 1501 997 iis,
1548 948 1694 1007 quae
1758 924 1928 1007 paulo

64 1041 195 1086 ante
237 1025 573 1085 adduximus
607 1025 747 1083 satis
791 1037 1028 1085 constat.
1063 1024 1203 1082 Nam
1233 1021 1328 1081 isti
1358 1043 1553 1082 omnes
1597 1021 1656 1080 in
1699 1043 1764 1081 eo
1794 1044 1929 1082 con-

66 1122 298 1182 veniunt
325 1133 386 1180 ut
428 1120 831 1201 professionem
860 1118 1247 1179 ,continentiae
1291 1130 1420 1199 post
1459 1116 1793 1177 viduitatem
1836 1139 1931 1177 ex—

69 1218 296 1289 tollant,
333 1216 804 1299 quemadmodum
845 1215 1183 1296 virginitatis
1231 1236 1333 1274 seu
1361 1212 1670 1273 caelibatus
1722 1224 1931 1272 statum

67 1314 235 1374 statui
280 1312 560 1392 coniugali
605 1324 965 1393 anteponunt.
1015 1312 1164 1371 Haec
1206 1323 1475 1370 constans
1518 1322 1605 1370 est
1648 1307 1931 1368 sentiendi

71 1422 125 1469 et
167 1407 449 1468 scribendi
494 1407 633 1467 ratio
676 1407 824 1490 apud
868 1420 1090 1488 patres:
1130 1406 1366 1466 alterum
1396 1404 1557 1465 alteri
1588 1417 1798 1465 statum
1830 1424 1933 1464 ceu

69 1505 452 1587 perfectiorem
495 1503 682 1562 minus
726 1502 969 1583 perfecto
1001 1502 1349 1584 praeferunt,
1386 1513 1441 1560 at
1472 1522 1583 1561 non
1616 1500 1741 1560 ideo
1772 1499 1933 1559 dam-

75 1614 211 1660 nant
262 1599 412 1660 velut
464 1613 750 1682 peccatum
801 1599 1030 1658 alteram
1081 1598 1506 1680 professionem.
1558 1598 1622 1654 In
1667 1596 1932 1656 secundis

72 1709 357 1778 praeterea
386 1695 624 1776 nuptiis,
659 1716 787 1754 cum
816 1695 1114 1776 peculiaris
1146 1694 1287 1753 ratio
1318 1693 1390 1752 ad
1419 1714 1516 1753 eas
1558 1692 1934 1752 cohonestan-

77 1792 180 1851 das
224 1813 333 1851 non
377 1790 699 1862 intercedit,
736 1790 1195 1871 deprehendunt,
1230 1803 1293 1849 ut
1328 1789 1470 1848 alias
1514 1788 1928 1860 adnotavimuS,

77 1887 360 1968 quoddam
405 1886 866 1965 intemperantiae
909 1900 1005 1945 aut
1055 1885 1490 1945 incontinentiae
1541 1876 1846 1956 indicium,
1882 1897 1936 1943 et

74 1982 181 2040 hac
224 1981 293 2040 de
336 2002 508 2040 causa
550 2003 647 2040 eas
682 1981 962 2040 interdum
1007 1993 1268 2062 carpunt,
1306 1979 1477 2059 idque
1507 2001 1575 2038 ex
1604 2001 1793 2039 amore
1823 2000 1936 2061 quo

75 2076 228 2136 iuxta
270 2075 479 2135 Christi
522 2087 576 2134 et
617 2075 992 2157 apostolorum
1036 2075 1295 2156 spiritum
1340 2096 1474 2154 erga
1530 2074 1841 2134 castitatem
1884 2086 1939 2134 et

79 2172 476 2232 continentiam
508 2171 846 2231 ferebantur.

198 2270 390 2350 Neque
432 2268 502 2327 ab
545 2268 778 2329 istorum
810 2291 983 2329 censu
1013 2269 1312 2350 Origenem
1351 2271 1541 2351 ipsum
1586 2269 1939 2329 excludimus

76 2364 235 2424 cuius
279 2364 448 2423 etiam
489 2365 660 2424 verba
702 2366 983 2426 dedimus.
1018 2369 1157 2426 Nam
1208 2367 1339 2426 licet
1381 2367 1430 2426 is
1474 2367 1815 2449 quandoque
1859 2366 1940 2425 ita

85 2458 303 2520 locutus
356 2482 482 2520 esse
537 2461 793 2521 videatur
845 2485 910 2522 ac
963 2463 1012 2523 si
1071 2464 1350 2524 secundae
1404 2464 1634 2545 nuptiae
1687 2486 1720 2522 a
1771 2484 1942 2543 regno

90 2553 193 2612 Dei
244 2555 630 2629 excluderent,
674 2570 859 2617 tamen
903 2559 963 2617 in
1015 2580 1081 2618 eo
1132 2559 1257 2640 ipso
1300 2572 1558 2619 contextu
1589 2581 1656 2618 ea
1698 2559 1946 2618 continet

95 2669 241 2727 quae
272 2650 542 2709 sinceram
572 2652 878 2713 doctrinam
923 2655 1328 2735 praeseferunt:
1378 2655 1470 2713 Sic
1516 2655 1665 2714 enim
1709 2653 1936 2714 scribit:

90 2742 355 2801 «Bonum
399 2757 484 2802 est
529 2758 583 2804 et
631 2748 873 2826 primum
922 2749 1445 2826 (matrimonium),
1491 2749 1539 2807 si
1597 2770 1710 2830 qua
1762 2761 1947 2829 potest

85 2837 421 2915 virginitatis
466 2840 700 2918 gratiam
733 2843 1042 2923 possidere.
1079 2842 1136 2900 Si
1167 2855 1351 2902 autem
1389 2843 1495 2903 hoc
1526 2866 1636 2904 non
1668 2845 1941 2926 potuerit,

84 2932 184 2991 sed
226 2935 468 2993 evenerit
496 2934 547 2993 ei
589 2948 651 2994 ut
686 2937 881 3017 perdat
920 2938 1134 3010 virum,
1175 2939 1347 3000 vidua
1392 2954 1727 3021 perseveret.
1779 2939 1944 3011 Quod

84 3028 310 3109 quidem
347 3051 455 3089 non
494 3031 673 3090 solum
712 3047 838 3113 post
887 3047 1118 3093 mortem
1154 3035 1296 3107 viri,
1335 3036 1435 3095 sed
1465 3037 1635 3096 etiam
1677 3059 1805 3096 cum
1851 3037 1947 3096 ille

86 3125 223 3184 vivit
265 3125 429 3185 debet
468 3127 675 3187 habere
705 3128 761 3185 in
793 3129 1010 3201 animo,
1046 3142 1107 3189 ut
1149 3131 1316 3207 etiam
1361 3133 1409 3191 si
1454 3155 1565 3192 non
1602 3133 1816 3194 venerit
1858 3155 1949 3194 vo-

86 3219 270 3280 luntas
313 3221 492 3302 ipsius
549 3236 604 3282 et
647 3225 1027 3306 propositum,
1072 3249 1104 3285 a
1148 3227 1387 3288 Domino
1438 3243 1732 3289 coronetur
1768 3242 1821 3288 et
1863 3228 1951 3286 di-

87 3329 201 3374 cat:
238 3316 355 3376 Hoc
399 3339 571 3378 voveo
615 3333 782 3402 atque
812 3322 1073 3401 promitto
1105 3323 1154 3382 si
1185 3324 1324 3381 mihi
1369 3324 1676 3384 humanum
1707 3323 1944 3405 aliquid,

86 3410 235 3491 quod
279 3434 391 3472 non
438 3426 567 3495 opto
610 3417 930 3496 contigerit,
986 3418 1129 3475 nihil
1171 3418 1326 3477 aliud
1364 3420 1600 3492 faciam,
1658 3442 1827 3502 quarn
1871 3420 1952 3477 in-

88 3507 459 3568 contaminata
498 3509 783 3593 viduaque
820 3534 1191 3594 perseverem.
1230 3514 1390 3572 Nunc
1419 3537 1553 3575 vero
1584 3529 1639 3576 et
1668 3514 1952 3575 secundae

92 3610 148 3657 et
187 3601 387 3663 tertiae
438 3617 491 3665 et
531 3619 762 3689 quartae
807 3609 1064 3690 nuptiae,
1100 3622 1163 3669 ut
1198 3609 1268 3670 de
1297 3610 1554 3692 pluribus
1586 3625 1829 3685 taceam,
1868 3633 1952 3671 re-
