2320 4030
422 258 533 300 cir.
563 260 620 308 ιι.
650 260 713 298 nn
750 259 1036 298 Petreium
1066 257 1387 297 successim.
1418 257 1534 295 Aur.
1559 257 1615 295 11.
1833 236 1942 294 101

95 359 447 435 coniugium,
495 358 592 417 sed
636 356 1010 438 polygamiam
1052 354 1374 434 appellant,
1426 354 1513 413 vel
1551 353 1736 434 potius
1781 353 1953 411 mode-

97 464 275 510 ratam
316 454 723 532 fornicationem
753 500 761 508 .
791 496 801 507 .
832 498 842 505 .
869 448 986 529 jam
1016 469 1147 507 vero
1179 448 1584 507 consuetudine
1607 448 1950 528 ⁴accepimus

101 547 156 603 in
191 547 440 626 trigamis
475 544 846 628 quinquennii
883 541 1352 622 segregationem,
1392 564 1503 602 non
1535 565 1568 602 a
1601 542 1911 602 canonibus
1932 590 1944 612 ‚

97 643 196 701 sed
240 666 335 703 eos
382 643 478 724 qui
529 652 951 722 praecesserunt
993 638 1299 720 sequendo
1348 638 1580 718 Oportet
1621 653 1807 699 autem
1840 661 1953 719 *eos

96 761 201 796 non
243 740 452 796 omnino
487 757 665 795 arcere
695 737 763 794 ab
794 736 1015 817 ecclesia
1034 780 1047 803 ,
1086 733 1186 793 sed
1216 732 1502 792 auditione
1531 733 1787 812 digamos
1820 733 1953 794 duo-

98 833 203 892 bus
244 833 330 892 vel
372 831 548 891 tribus
587 831 782 900 annis,
833 852 898 889 ac
942 843 1134 910 postea
1176 828 1317 910 ipsis
1358 828 1702 907 permittere,
1740 822 1801 889 ut¹
1828 852 1953 890 con-

103 929 307 987 sistant
327 927 553 1008 quidem
572 975 583 997 ,
613 926 934 985 abstineant
954 948 1083 985 vero
1113 947 1145 983 a
1172 923 1304 984 boni
1335 925 1755 999 communione,
1786 940 1843 985 et
1870 926 1953 985 sic

95 1023 342 1083 exhibito
385 1023 760 1103 poenitentiae
802 1022 989 1103 aliquo
1034 1020 1240 1091 fructu,
1285 1019 1693 1080 communionis
1726 1020 1847 1080 loco
1877 1044 1955 1081 re-

96 1120 325 1179 stituere
357 1122 558 1198 (86).»
599 1118 864 1198 Adeoque
899 1129 1116 1177 constat
1152 1115 1308 1174 iuxta
1349 1136 1396 1173 S.
1427 1114 1698 1173 Basilium
1736 1137 1847 1174 non
1876 1117 1958 1175 di·

94 1216 223 1274 vino
255 1216 402 1286 iure,
436 1214 533 1273 sed
566 1214 686 1271 iure
715 1226 926 1272 tantum
949 1211 1215 1270 canonico
1248 1210 1595 1289 trigamiam,
1626 1210 1798 1271 multo
1826 1234 1954 1272 vero

96 1310 275 1388 magis
307 1309 688 1388 tetragamiam
710 1308 906 1367 vetitas
937 1306 1145 1376 fuisse,
1176 1319 1228 1364 et
1250 1305 1494 1386 quodam
1518 1319 1955 1386 temperamento

98 1405 402 1463 identidem
435 1403 582 1463 circa
604 1404 873 1484 ‘trigamos
907 1425 1049 1484 opus
1083 1403 1290 1474 fuisse3
1336 1416 1501 1484 prout
1542 1403 1731 1484 reipsa
1762 1417 1955 1484 postea

100 1501 302 1560 factum
346 1514 454 1558 est.

235 1596 316 1653 De
365 1595 688 1674 tetragamia
741 1606 922 1653 autem
971 1616 1072 1654 seu
1122 1595 1337 1675 quartis
1390 1595 1604 1675 nuptiis
1654 1597 1949 1676 speciatim

103 1689 367 1748 nonnulla
409 1689 666 1748 addenda
700 1702 849 1748 sunt.
901 1688 1057 1748 Hanc
1097 1690 1371 1748 canonica
1407 1690 1735 1751 auctoritate
1764 1692 1822 1750 in
1863 1714 1956 1752 ec-

96 1784 270 1843 clesia
312 1806 512 1862 graeca
561 1783 846 1864 explosam
888 1783 1066 1842 fuisse
1097 1785 1178 1843 uti
1221 1785 1673 1857 fornicationem,
1715 1801 1812 1846 aut
1853 1787 1956 1846 for-

98 1879 370 1938 nicatione
393 1879 637 1958 peiorem
660 1878 875 1937 nullum
906 1878 1139 1936 dubium
1170 1900 1297 1937 esse
1326 1892 1507 1959 potest
1536 1880 1690 1940 iuxta
1722 1882 1954 1963 antiqua

98 1996 247 2054 quae
278 1987 581 2054 suppetunt
610 1974 945 2033 documenta
980 1976 1125 2052 (87).
1164 1974 1365 2033 Verum
1391 1974 1516 2034 heic
1550 1998 1659 2036 non
1689 1990 1959 2037 steterunt

94 2060 343 2129 nonnulli
388 2093 453 2129 ex
496 2071 565 2129 iis
610 2071 707 2151 qui
752 2070 1140 2149 tetragamium
1186 2072 1610 2151 impugnarunt.
1660 2073 1950 2155 Siquidem

89 2167 161 2226 ob
204 2168 464 2226 eximiam
508 2168 861 2249 potissimum
896 2190 975 2226 ss.
1006 2167 1199 2227 Basilii
1233 2190 1298 2227 ac
1331 2169 1578 2248 Gregorii
1624 2171 1953 2231 nazianzeni

93 2263 473 2322 auctoritatem
515 2263 722 2321 factum
766 2276 851 2321 est
889 2276 950 2321 ut
985 2263 1201 2343 aliquot
1234 2277 1351 2322 tum
1390 2265 1670 2326 antistites
1707 2280 1819 2325 tum
1860 2267 1957 2324 im-

94 2372 369 2437 peratores
407 2359 788 2437 tetragamiam
835 2357 1026 2417 divina
1066 2360 1174 2438 leqe
1218 2360 1394 2419 vetari
1426 2362 1765 2421 censuerint.
1803 2364 1954 2422 Haec

99 2452 386 2529 potissima
413 2502 424 2524 ,
475 2455 643 2512 immo
686 2454 851 2513 unica
896 2454 1033 2514 ratio
1078 2468 1163 2513 est
1205 2477 1318 2536 qua
1360 2471 1671 2537 permotum
1715 2480 1777 2517 se
1820 2459 1957 2518 dicit

101 2546 340 2607 Basilius
382 2549 607 2608 Macedo
655 2549 724 2607 ad
769 2561 997 2630 quartas
1043 2550 1267 2630 nuptias
1311 2551 1741 2632 proscribendas
1786 2575 1955 2633 pecu-

97 2641 220 2699 liari
263 2645 487 2703 Novella
522 2668 689 2726 quam
726 2647 816 2705 his
847 2647 1031 2705 verbis
1067 2648 1370 2706 conclusit:
1413 2649 1811 2707 «Manifestum
1842 2671 1954 2708 om-

99 2739 263 2798 nibus
296 2754 441 2812 este,
478 2747 627 2823 quod
663 2747 710 2805 si
744 2748 870 2829 quis
915 2769 1089 2820 ausus
1126 2747 1292 2805 fuerit
1320 2747 1390 2805 ad
1434 2759 1668 2828 quartas
1692 2748 1945 2828 nuptiaS‚

98 2857 201 2891 non
246 2839 461 2915 nuptias
509 2840 771 2899 accedere
799 2888 811 2911 ,
861 2863 969 2900 non
1013 2840 1192 2900 solum
1238 2863 1338 2921 pro
1384 2841 1553 2900 nullis
1598 2840 1953 2901 habebuntur

98 2928 201 2987 hac
226 2932 451 3010 nuptiae
472 2981 483 3003 ,
524 2956 624 2992 nec
661 2934 821 2993 liberi
861 2958 927 2994 ex
957 2936 1027 2994 iis
1060 2936 1327 3017 procreati
1359 2958 1458 3017 pro
1490 2936 1754 3015 legitimis
1785 2959 1953 3016 agno-

223 3070 303 3117 (86)
332 3073 403 3120 Ep.
434 3073 722 3112 CLXxxvm.
752 3084 841 3112 can.
876 3077 935 3113 14.
963 3085 1002 3124 p.
1024 3077 1112 3113 271.
1132 3074 1196 3113 ed.
1217 3075 1286 3114 cit.

219 3136 299 3186 (87)
327 3136 484 3175 Etenim
508 3137 548 3175 in
579 3139 970 3178 constitutionibus
994 3149 1106 3190 quae
1128 3139 1260 3191 vulqo
1284 3140 1549 3192 apostolicae
1568 3145 1640 3182 aut
1660 3140 1956 3183 clementinae

91 3202 378 3251 nuncupantur
406 3202 476 3241 lib.
502 3208 538 3242 3.
560 3214 598 3242 c.
622 3210 658 3243 2.
686 3194 853 3254 legitur:
887 3221 904 3239 «
924 3204 968 3243 Id
991 3216 1156 3255 quoque
1187 3206 1291 3246 scire
1311 3205 1468 3247 debetis
1485 3237 1498 3257 ,
1533 3207 1684 3258 primas
1719 3208 1884 3259 quidem
1911 3211 1953 3248 et

91 3266 231 3306 unicas
264 3269 425 3318 nuptias
448 3300 456 3308 .
486 3299 494 3308 .
519 3300 527 3307 .
555 3270 680 3311 iustas
714 3282 813 3311 esse.
835 3272 1043 3312 secundas
1078 3283 1174 3312 vero
1208 3275 1300 3323 post
1335 3273 1624 3324 professionem
1649 3274 1837 3324 nuptiaS,
1865 3285 1953 3314 esse

93 3332 283 3382 illicitas,
321 3345 398 3374 nou
432 3338 594 3386 propter
620 3338 881 3389 coniugium,
915 3338 987 3378 sed
1022 3341 1187 3390 propter
1221 3339 1506 3390 mendacium3
1538 3340 1680 3380 tertias
1704 3341 1866 3391 nuptias
1894 3341 1953 3379 in·

89 3400 391 3449 temperantiam
426 3402 724 3452 demonstrare,·
752 3407 800 3445 at
827 3404 1052 3457 quodlibet
1081 3408 1178 3456 post
1208 3408 1360 3446 tertias
1390 3408 1570 3458 nuptias
1590 3409 1947 3455 matrimonium,

97 3463 374 3512 manifestam
391 3478 478 3506 esse
495 3466 837 3516 fornicationem
854 3473 895 3510 et
916 3470 1255 3511 indubitabilem
1267 3471 1579 3521 petulantiam.
1595 3488 1613 3505 ι»
1638 3473 1752 3523 Apud
1773 3471 1946 3512 coteler.

95 3529 182 3566 ΡΙ).
206 3531 347 3580 Apost.
379 3533 476 3574 tom.
502 3535 533 3574 1.
561 3545 601 3584 p.
626 3538 713 3575 275.
742 3535 806 3575 ed.
838 3538 1043 3587 Antwerp.
