2320 4030
404 278 476 336 88
708 295 811 336 LIB.
842 292 921 333 111.
952 290 1096 333 SECT.
1125 290 1163 332 1.
1193 290 1441 333 nit-MATR.
1472 290 1678 334 cnmsr.
1709 294 1949 337 UNITATE.

400 396 733 455 innotescat.
764 391 1010 452 Omissis
1035 403 1219 451 autem
1250 391 1536 453 Clemente
1573 391 1719 452 alex.
1742 442 1755 466 ,
1786 394 2059 475 Origene,
2097 396 2272 459 Theo·

398 492 555 575 philo
595 488 964 562 antiocheno,
1005 488 1246 561 Basilio,
1292 488 1554 569 Gregorio
1604 490 1980 564 nazianzeno,
2029 491 2271 575 aliisque

397 609 632 670 quorum
657 585 828 647 verba
856 586 969 646 iam
997 585 1330 667 protulimus
1353 633 1365 657 ,
1395 584 1602 646 Auctor
1635 587 2017 646 commentarii
2055 589 2112 647 in
2148 589 2270 671 epi-

395 683 569 745 stolas
594 707 642 744 s.
667 683 823 743 Pauli
848 683 955 744 sub
978 706 1025 744 s.
1049 681 1330 743 Ambrosii
1351 682 1596 755 nomine,
1620 682 1697 742 ita
1713 682 1981 765 loquitur:
2009 709 2037 741 «
2059 684 2270 756 Quam-

395 803 566 864 quam
599 804 633 841 a
673 782 789 841 Deo
834 781 1050 862 primae
1080 780 1308 863 nuptiae
1338 779 1481 852 sint,
1517 780 1781 839 secundae
1822 803 1945 839 vero
1967 784 2269 862 permissae

394 890 540 938 sunt.
570 877 828 960 Denique
858 878 1074 960 primae
1119 877 1349 960 nuptiae
1393 876 1500 937 sub
1540 877 1935 939 benedictione
1976 879 2080 938 Dei
2124 879 2270 940 cele-

395 974 630 1035 brantur
681 975 1033 1036 sublimiter:
1085 975 1367 1036 secundae
1416 987 1602 1034 autem
1653 975 1822 1034 etiam
1882 975 1939 1034 in
1984 977 2268 1058 praesenti

397 1085 589 1132 carent
618 1070 830 1152 gloria;
861 1094 1139 1132 concessae
1174 1085 1301 1131 sunt
1342 1084 1523 1131 autem
1543 1084 1768 1153 propter
1789 1074 2266 1133 incontinentiam:

397 1181 450 1229 et
492 1169 629 1251 quia
673 1168 857 1229 solent
913 1169 1212 1229 viduarum
1258 1168 1507 1229 iuniores
1564 1167 1887 1241 incurrere;
1929 1192 1994 1229 ac
2029 1193 2133 1251 per
2162 1171 2270 1232 hoc

394 1265 654 1326 concedit
695 1266 974 1326 secundas
1011 1267 1202 1345 (42).»
1231 1266 1322 1326 Sic
1364 1266 1528 1326 etiam
1575 1264 1783 1325 Auctor
1822 1266 2012 1347 operis
2067 1267 2273 1350 imper-

396 1363 523 1423 fecti
568 1364 627 1422 in
670 1363 1013 1423 Matthaeum
1058 1363 1343 1444 loquitur:
1391 1361 1702 1444 «Apostoli
1735 1376 2140 1445 praeceperunt
2182 1385 2272 1425 se-

397 1459 615 1520 cundas
640 1460 798 1519 adire
822 1460 1071 1541 nuptias,
1094 1472 1322 1541 propter
1342 1461 1790 1519 incontinentiam
1813 1460 2105 1521 hominum.
2129 1463 2270 1521 Nam

395 1558 701 1618 secundam
746 1557 979 1638 quidem
1033 1557 1317 1639 accipere,
1363 1556 1674 1617 secundum
1718 1571 2077 1640 praeceptum
2119 1557 2271 1641 Apo-

395 1653 522 1714 stoli
568 1667 684 1713 est:
721 1654 1033 1713 secundum
1076 1666 1263 1713 autem
1305 1653 1556 1714 veritatis
1600 1652 1874 1714 rationem
1898 1702 1911 1727 ,
1937 1675 2067 1714 vere
2100 1654 2275 1716 forni-

394 1751 538 1812 catio
562 1763 675 1823 est;
706 1750 807 1810 sed
838 1751 973 1810 dum
1006 1752 1360 1832 permittente
1389 1751 1507 1812 Deo
1537 1750 1762 1833 publice
1786 1764 1840 1811 et
1870 1750 2104 1811 licenter
2126 1773 2278 1813 com-

395 1847 665 1918 mittitur,
708 1847 771 1906 fit
813 1846 1052 1906 honesta
1095 1847 1389 1907 fornicatio
1424 1848 1545 1927 (43)
1571 1872 1598 1904 »
1634 1860 1697 1908 ut
1726 1846 1868 1907 alios
1901 1860 2269 1929 praeteream.

517 1942 636 2002 Hac
677 1942 807 2023 ipsa
849 1941 920 2001 de
970 1964 1144 2001 causa
1186 1943 1393 2002 factum
1438 1956 1554 2015 est,
1602 1956 1665 2003 ut
1706 1944 1989 2004 secundae
2040 1945 2272 2026 nuptiae

395 2039 455 2097 in
516 2038 756 2098 ecclesia
805 2060 1005 2120 parum
1048 2039 1393 2098 honorificae
1435 2039 1795 2100 haberentur.
1843 2040 2136 2123 Siquidem
2179 2062 2272 2102 ec-

397 2134 571 2196 clesia
602 2135 859 2216 digamos
898 2158 931 2196 a
963 2135 1141 2196 sacris
1174 2135 1469 2196 ordinibus
1501 2149 1769 2218 tanquam
1801 2137 2138 2218 irregulares
2169 2137 2272 2197 ad-

395 2231 509 2291 huc
552 2245 732 2292 arcet:
784 2233 1094 2314 antiquitus
1129 2245 1318 2292 autem
1364 2233 1533 2292 etiam
1580 2233 1960 2314 poenitentiae
2003 2233 2264 2293 subiecit.

397 2328 571 2388 Cuius
615 2329 693 2388 rei
739 2343 1102 2389 monumenta
1143 2329 1379 2389 indubia
1422 2341 1608 2389 extant
1645 2328 1703 2386 in
1739 2329 2024 2389 veteribus
2059 2329 2270 2388 consti-

395 2425 727 2486 tutionibus.
762 2427 845 2485 De
875 2426 947 2486 iis
991 2426 1090 2508 qui
1135 2426 1206 2486 ob
1249 2426 1555 2506 bigamiam
1599 2448 1633 2485 a
1679 2425 1857 2484 sacris
1890 2437 2150 2484 arcentur
2181 2446 2271 2484 or-

396 2522 624 2582 dinibus
655 2535 1076 2583 monumentum
1121 2534 1270 2583 extat
1299 2523 1357 2580 in
1389 2522 1534 2604 ipsis
1565 2521 1879 2582 canonibus
1911 2520 2263 2603 apostolicis:

401 2644 430 2677 «
456 2620 514 2678 Si
566 2621 696 2703 quis
742 2633 870 2702 post
911 2619 1257 2702 baptismum
1301 2619 1565 2679 secundis
1609 2619 1824 2700 nuptiis
1871 2618 2260 2699 copulatus..

397 2737 507 2776 non
552 2729 737 2799 potest
779 2738 906 2777 esse
942 2716 1274 2798 episcopuS,
1312 2738 1424 2777 non
1455 2715 1776 2799 presbyter,
1814 2728 1911 2775 aut
1953 2713 2261 2786 diaconus»,

518 2969 603 3021 (42)
630 2970 793 3010 comm.
821 2971 865 3010 in
895 2975 930 3011 ι.
953 2972 1050 3012 Cor.
1072 2973 1163 3012 vn.
1190 2974 1257 3012 4ο.
1280 2973 1327 3012 ln
1351 2969 1525 3023 append.
1552 2969 1605 3010 ad
1622 2979 1717 3022 opp.
1743 2980 1779 3010 s.
1800 2967 2005 3009 Ambrosii
2032 2967 2098 3008 ed.
2134 2969 2266 3008 Maur.

396 3038 497 3077 tom.
517 3038 573 3077 11.
596 3037 675 3077 col.
700 3042 788 3077 138.

520 3103 603 3155 (43)
628 3103 782 3143 Homii.
820 3104 985 3144 ΧΧΧΙΙ.
1011 3102 1053 3144 in
1085 3104 1230 3144 Matth.
1265 3103 1305 3143 in
1328 3103 1502 3156 append.
1532 3114 1626 3155 opp.
1661 3113 1695 3143 s.
1723 3105 1784 3143 lo.
1806 3102 2019 3154 chrysost.
2041 3102 2111 3143 ed.
2133 3104 2266 3143 Maur.

396 3171 499 3211 tom.
517 3171 588 3210 VI.
616 3180 710 3221 pag.
732 3171 947 3211 CXXXIV.
971 3170 1048 3210 etsi
1085 3170 1154 3210 hic
1180 3170 1324 3210 auctor
1349 3170 1552 3210 secundas
1587 3169 1753 3220 nuptias
1784 3169 1970 3210 absolute
1998 3180 2080 3210 non
2114 3169 2267 3221 impro-

399 3237 482 3288 bet,
500 3247 622 3277 nemo
656 3239 795 3277 tamen
824 3237 1036 3288 negaverit
1071 3238 1207 3289 ipsum
1234 3238 1388 3277 temere
1414 3236 1466 3277 de
1480 3237 1539 3278 eis
1573 3236 1701 3277 fuisse
1727 3237 1911 3277 locutum
1934 3236 2033 3276 dum
2068 3236 2270 3277 secundas

397 3303 563 3354 nuptias
589 3303 808 3355 permissas
836 3302 888 3343 ab
922 3303 1119 3355 Apostolo
1146 3303 1356 3355 comparat
1387 3314 1482 3343 cum
1512 3302 1778 3354 permissione
1802 3303 1911 3343 facta
1945 3314 1970 3343 a
1993 3305 2108 3343 Mose
2136 3301 2273 3353 jdandi

399 3368 587 3409 libellum
619 3368 794 3421 repudii.
823 3371 907 3410 Nec
937 3369 1113 3421 mirum;
1147 3369 1215 3410 hic
1251 3369 1361 3410 enim
1407 3370 1551 3409 auctor
1585 3370 1728 3421 utpote
1764 3369 1930 3410 arianus
1963 3371 2005 3409 et
2048 3379 2270 3409 anomaeus

394 3435 438 3476 in
468 3436 606 3489 plures
633 3447 790 3477 errores
819 3437 958 3489 lapsus
994 3438 1202 3478 est.1nter
1225 3447 1329 3488 quos
1364 3436 1494 3477 ethic
1523 3437 1755 3478 recensetur
1789 3436 1841 3476 de
1869 3436 2060 3476 secundis
2094 3435 2264 3487 nuptiis.

393 3502 459 3544 Cf.
486 3503 740 3544 Diatribam
770 3503 830 3544 ad
865 3514 974 3557 opus
1011 3503 1318 3556 imperfectum
1346 3505 1393 3543 in
1419 3503 1700 3544 Matthaeum
1730 3501 1848 3555 quod
1885 3502 2175 3555 Chrysostomi
2194 3512 2267 3543 no·

398 3571 516 3611 mine
540 3570 861 3622 circumfertur
888 3582 913 3613 a
939 3571 1117 3614 Maurin.
1139 3571 1314 3624 editore,
1351 3570 1663 3623 Monfauconio‚
1683 3571 1908 3622 praemissa
1930 3570 2009 3611 loc.
2029 3569 2098 3612 cit.
2119 3580 2209 3622 pag.
2233 3570 2267 3609 Ι.

398 3636 438 3689 §.
460 3638 531 3678 VI.
554 3638 596 3680 et
610 3640 704 3680 vn.
