2320 4030
471 340 583 380 mr.
614 342 649 380 1.
680 339 744 379 m:
782 338 1069 379 PoLYeAfflA
1101 336 1442 376 ειΜυιΤΑΝΕΑ.
1467 336 1581 375 Aur.
1606 334 1682 374 111.
1906 314 1977 371 37

267 439 648 497 Verumtamen
694 458 802 495 non
849 435 1051 493 desunt
1093 447 1276 512 patres
1320 434 1447 504 alii,
1502 435 1595 515 qui
1646 433 1982 491 contrarium

144 532 399 592 doceant.
423 533 638 591 Etenim
667 531 919 589 Clemens
950 527 1091 586 alex.
1125 548 1235 586 non
1265 529 1428 587 modo
1456 529 1680 588 vetitam
1712 547 1820 584 non
1851 525 1986 583 dicit

146 628 521 710 polygamiam
564 650 596 686 a
639 627 783 695 Deo,
835 623 933 682 sed
974 645 1042 682 eo
1082 644 1262 703 usque
1304 624 1685 703 progreditur,
1735 635 1795 680 ut
1839 621 1984 679 affir-

149 738 260 783 met
279 725 453 782 Deum
477 722 626 780 illam
651 721 721 779 ad
744 720 1195 800 propagationem
1220 718 1448 776 humani
1474 721 1691 797 generis
1723 718 1986 799 quodam-

146 819 310 878 modo
351 817 601 896 exegisse
644 815 893 875 scribens
918 839 928 873 :
964 841 990 872 «
1015 815 1166 874 ldem
1195 814 1281 873 vir
1307 826 1362 872 et
1389 814 1658 872 Dominus
1686 827 1872 873 vetera
1901 835 1985 872 re-

146 934 355 972 novans
379 935 483 970 non
512 912 745 991 amplius
775 911 1010 970 concedit
1023 910 1394 992 polygamiam
1418 909 1509 987 (in
1536 931 1677 968 novo
1700 909 1977 986 foedere).

144 1008 295 1066 Tunc
335 1006 484 1065 enim
527 1006 586 1064 id
628 1007 877 1086 emiqebat
910 1007 1081 1073 DeuS,
1120 1005 1345 1085 quando
1390 1003 1678 1084 oportebat
1714 1005 1901 1083 augeri
1932 1017 1987 1062 et

143 1100 495 1180 multiplicari
525 1102 713 1178 (88).»
743 1100 950 1159 Eadem
980 1100 1152 1158 ferme
1181 1098 1348 1157 habet
1378 1120 1424 1157 s.
1450 1099 1528 1156 Io.
1552 1097 1984 1178 Chrysostomus

140 1218 264 1254 cum
306 1196 419 1254 ait:
455 1197 692 1276 «Neque
736 1195 1039 1255 secundum
1086 1208 1318 1265 statum,
1355 1194 1451 1276 qui
1485 1215 1634 1252 nunc
1668 1206 1782 1263 est,
1817 1215 1984 1272 opera

139 1313 285 1371 quae
328 1305 457 1350 tunc
501 1292 645 1350 facta
696 1304 825 1350 sunt
874 1290 1106 1349 iudices.
1151 1292 1303 1348 Tunc
1343 1290 1491 1349 enim
1533 1289 1666 1370 quia
1709 1289 1985 1369 principia

138 1400 324 1457 erant,
372 1388 689 1465 permissum
718 1387 826 1466 suit
855 1407 978 1444 cum
1018 1385 1236 1444 duabus
1278 1385 1363 1444 vel
1400 1384 1578 1443 tribus
1608 1384 1695 1444 vel
1727 1384 1984 1465 pluribus

140 1481 405 1540 uxoribus
436 1482 691 1552 misceri,
726 1494 786 1540 ut
816 1481 1117 1540 humanum
1161 1503 1337 1560 genus
1381 1493 1800 1561 propagaretur.
1828 1481 1985 1539 Nunc

138 1598 267 1635 vero
317 1577 449 1656 quia
491 1599 590 1657 per
630 1577 730 1635 Dei
774 1577 1007 1656 gratiam
1052 1577 1357 1635 humanum
1401 1598 1575 1655 genus
1604 1576 1766 1635 valde
1797 1575 1983 1634 multi-

144 1672 403 1753 plicatum
449 1688 565 1743 est,
611 1673 786 1732 virtus
831 1695 1054 1754 quoque
1096 1674 1494 1732 incrementum
1537 1672 1754 1752 accepit
1790 1673 1978 1749 (89).»

139 1768 251 1825 Nec
291 1767 471 1826 obstat
508 1767 662 1847 quod
706 1768 819 1827 sere
860 1767 1178 1826 immediate
1221 1767 1472 1826 subdit.«
1495 1767 1636 1826 Ecce
1666 1767 1814 1825 enirn
1844 1788 1982 1846 quo-

142 1862 288 1920 niam
318 1863 464 1920 mala
494 1875 608 1920 erat
637 1862 775 1921 haec
812 1863 1186 1933 consuetudo,
1223 1863 1451 1942 explosa
1483 1875 1598 1933 est,
1634 1875 1687 1921 et
1715 1884 1825 1921 non
1857 1858 1984 1920 licet

137 1955 233 2013 ulli
265 1977 386 2015 eam
424 1969 738 2037 praetexere
758 1980 811 2027 ;»
840 1978 967 2015 nam
992 1978 1097 2015 non
1121 1978 1186 2014 eo
1210 1977 1379 2021 sensu
1407 1957 1610 2014 malam
1639 1955 1802 2026 dicit,
1832 1956 1980 2035 quod

137 2051 320 2130 reipsa
362 2050 658 2131 culpabilis
703 2064 883 2122 esset,
932 2051 1030 2109 sed
1073 2064 1134 2110 ut
1178 2065 1327 2131 patet
1369 2073 1434 2109 ex
1478 2051 1744 2110 orationis
1789 2051 1973 2120 serie,

133 2160 448 2227 comparate
491 2146 561 2205 ad
606 2147 1011 2226 monogamiam
1041 2195 1052 2217 ,
1103 2169 1245 2227 quae
1289 2147 1439 2206 illam
1483 2146 1801 2227 praecellit;
1852 2146 1982 2205 alio-

133 2243 272 2321 quin
310 2243 492 2302 dicere
535 2265 645 2302 non
688 2244 959 2325 potuisset
1002 2244 1375 2325 polygamiam
1420 2243 1596 2303 fuisse
1630 2245 1971 2324 permissam.

255 2339 428 2397 Immo
469 2361 599 2398 vero
640 2339 725 2398 vel
770 2340 893 2419 ipse
923 2362 971 2399 s,
1002 2340 1409 2421 HieronymuS,
1446 2339 1542 2420 qui
1577 2361 1675 2419 pro
1705 2339 1979 2398 contraria

132 2432 426 2491 adducitur
456 2434 754 2503 sententia,
790 2446 852 2491 ut
881 2433 1145 2503 vidimus,
1182 2455 1292 2492 non
1323 2433 1603 2513 discrepat
1633 2433 1765 2491 alibi
1798 2433 1915 2492 sive
1944 2455 1977 2492 a

134 2526 412 2586 Clemente
441 2528 608 2599 alex.,
639 2530 756 2588 sive
786 2551 818 2586 a
849 2550 895 2587 s.
928 2530 1005 2587 Io.
1041 2528 1475 2610 Chrysostom03
1514 2529 1792 2609 siquidem
1823 2528 1975 2586 nullo

138 2619 457 2699 interposito
499 2623 820 2682 discrimine
858 2638 984 2683 ante
1027 2638 1122 2683 aut
1164 2638 1290 2704 post
1331 2624 1632 2695 diluvium,
1667 2623 1971 2682 universim

137 2715 493 2793 pronunciat:
531 2718 645 2774 «Et
687 2719 735 2776 si
782 2732 906 2798 post
949 2719 1218 2778 diluvium
1250 2767 1261 2789 ‚
1311 2733 1363 2777 et
1404 2732 1532 2777 ante
1573 2718 1842 2777 diluvium
1888 2720 1973 2775 vi-

133 2809 250 2885 quit
279 2810 383 2866 ista
411 2811 698 2868 sententia:
732 2815 944 2869 crescite
978 2826 1030 2870 ec
1063 2813 1536 2891 multiplicamini,
1575 2826 1624 2871 et
1651 2814 1844 2892 replete
1870 2826 1973 2871 ter—

131 2924 273 2970 ¹ram,
314 2903 449 2983 quid
485 2905 553 2962 ad
593 2926 693 2964 nos
717 2953 728 2975 ‚
765 2906 821 2963 in
858 2928 1000 2987 quos
1046 2908 1185 2965 fines
1230 2908 1540 2967 seculorum
1575 2909 1961 2979 decurrerunt,

131 2997 335 3077 quibus
380 2998 617 3058 dicitur:
667 3013 867 3081 tempus
913 3003 1061 3061 breve
1104 3016 1214 3061 est:
1248 3018 1326 3062 et:
1372 3006 1482 3062 iam
1523 3006 1723 3062 securis
1766 3004 1837 3062 ad
1877 3026 1969 3062 ra-

128 3092 299 3150 dicem
332 3095 583 3153 arborum
611 3098 795 3176 posita
818 3110 921 3165 est,
950 3120 1095 3179 quae
1126 3099 1324 3158 silvam
1361 3099 1500 3179 legis
1521 3148 1532 3170 ,
1569 3113 1621 3159 et
1651 3101 1966 3179 nuptiarum

127 3188 442 3266 evangelica
472 3190 723 3249 castitate
753 3192 1006 3251 succidat
1025 3192 1214 3271 (90)?»
1232 3193 1478 3274 Cumque
1503 3195 1573 3253 ad
1596 3194 1964 3254 cohonestan-

123 3281 251 3340 dam
283 3283 654 3365 polygamiam
686 3309 717 3345 a
749 3287 1029 3346 nonnullis
1060 3288 1180 3347 eius
1212 3301 1387 3347 aetate
1417 3288 1750 3348 obiiceretur
1781 3310 1962 3346 exem-

243 3466 324 3515 (88)
352 3466 439 3506 Lib.
462 3469 538 3508 111.
556 3471 761 3509 Stromal.
787 3481 875 3521 pag.
898 3474 986 3511 461.
1004 3471 1069 3511 ed.
1089 3471 1218 3511 Paris.
1243 3475 1352 3512 1641.

242 3530 324 3579 (89)
350 3532 469 3572 Hom.
491 3535 593 3573 LVI.
616 3534 656 3573 in
680 3537 822 3575 Genes.
841 3547 880 3574 n.
907 3542 941 3576 3.
963 3536 1026 3575 ed.
1046 3539 1175 3576 Maur.
1207 3538 1304 3576 tom.
1328 3539 1395 3576 lv.
1420 3548 1507 3587 pag.
1528 3541 1614 3577 542.

245 3595 324 3642 (9ο)
353 3597 475 3647 Epist.
494 3601 672 3639 ΟΧΧΙΙΙ.
694 3601 751 3641 ad
767 3602 1075 3652 Aqeruchiam
1102 3613 1142 3641 n.
1169 3608 1227 3641 13.
1250 3603 1327 3641 eol.
1347 3608 1436 3642 903.
