2320 4030
308 332 310 334 ,
385 296 498 336 ΟΑΡ.
527 296 563 336 1.
592 296 656 335 DE
689 293 977 335 POLYGAMIA
1008 291 1354 334 SIMULTANEA.
1382 292 1498 332 ΛΒΤ.
1530 291 1602 331 lv.
1862 266 1933 328 57

86 394 140 454 4.
170 395 387 454 Certum
418 406 503 454 est
529 392 972 453 Valentinianum
1014 391 1094 450 uti
1138 402 1421 449 austerum
1455 389 1625 448 nimis
1655 386 1934 448 vindicem

81 490 319 551 violatae
355 490 628 550 castitatis
658 511 692 548 a
720 509 768 547 s,
798 487 1138 567 Hieronymo
1168 485 1226 543 in
1257 486 1467 544 crimen
1498 484 1701 544 adduci
1738 486 1929 563 (168),

83 587 234 669 quod
271 587 560 646 confirmat
595 584 774 642 Amm.
805 578 1158 641 Marcellinus
1199 581 1441 640 referens
1476 581 1582 641 sub
1611 581 1732 640 eius
1762 580 1932 662 impe-

85 685 167 744 rio
220 678 822 767 complureszvirgines
873 692 927 738 et
970 690 1173 759 nuptas
1235 677 1491 735 adulterii
1548 678 1752 737 Romae
1808 698 1935 736 esse

85 781 376 840 damnatas
404 779 589 855 (169).
621 778 680 834 ὃ.
710 775 932 834 Certum
976 787 1063 835 est
1102 795 1135 833 a
1180 772 1335 832 nullo
1377 795 1657 855 unquam,
1707 773 1828 832 sive
1869 795 1937 832 ex

86 899 223 936 rom.
252 870 608 957 pontificibus
653 872 772 931 sive
801 893 868 930 ex
901 893 980 930 SS.
1001 869 1277 952 patribuS‚
1318 868 1417 950 q-ui
1451 890 1518 927 ea
1554 881 1734 927 aetate
1774 868 1939 928 flore-

84 971 220 1030 bant
260 983 314 1028 et
355 967 494 1047 legis
537 966 891 1046 evangelicae
934 964 1190 1025 acerrimi
1236 976 1395 1023 erant
1449 976 1930 1045 propugnatoreS,

81 1065 524 1125 Valentinianum
568 1077 684 1123 tum
728 1063 799 1122 ob
835 1062 1110 1122 eiusmodi
1156 1061 1333 1140 legem
1377 1073 1495 1119 tum
1538 1059 1611 1120 ob
1656 1073 1938 1141 perpetra-

82 1175 193 1221 tam
243 1159 619 1241 polygamiam
675 1158 851 1218 fuisse
906 1158 1026 1218 sive
1075 1156 1478 1238 reprehensum
1537 1154 1657 1214 sive
1713 1154 1939 1213 damna-

82 1270 196 1316 tum
226 1254 413 1334 (170),
442 1254 591 1336 quod
622 1267 767 1313 certe
799 1253 980 1313 facere
1025 1275 1134 1312 non
1179 1251 1531 1323 omisissent,
1569 1250 1618 1310 si
1648 1272 1782 1310 vera
1811 1272 1937 1308 nar-

82 1365 262 1412 rasset
304 1353 577 1411 Socrates.
628 1353 684 1409 6.
734 1350 954 1410 Certum
1004 1363 1091 1410 est
1131 1348 1508 1408 Theodosium
1563 1347 1635 1406 M.
1678 1346 1776 1428 qui
1825 1368 1939 1404 una

86 1469 212 1506 cum
257 1446 515 1506 Gratiano
549 1445 918 1505 Valentiniani
963 1445 1079 1505 filio
1121 1444 1303 1504 eidem
1340 1443 1399 1502 in
1438 1442 1674 1524 imperio
1717 1463 1942 1501 succes-

82 1555 232 1602 serat
276 1542 414 1602 adeo
457 1555 770 1602 aversatum
814 1541 1191 1624 polygamiam
1254 1539 1431 1600 fuisse
1480 1552 1542 1598 ut
1583 1561 1707 1598 eam
1748 1537 1837 1598 vel
1881 1537 1938 1595 in

81 1639 304 1698 Iudaeis
343 1639 647 1698 insectatus
684 1638 874 1697 fuerit:
910 1640 1098 1717 (171),
1128 1637 1264 1719 quid
1298 1658 1462 1717 porro
1494 1636 1720 1695 fecisset
1743 1635 1791 1694 si
1815 1656 1936 1694 eam

82 1757 251 1815 penes
296 1734 632 1794 christianos
679 1731 1021 1816 reperisset?
1053 1733 1370 1816 Reperisset
1413 1753 1578 1813 porro
1610 1732 1658 1791 si
1688 1753 1822 1791 vera
1852 1753 1939 1789 re-

82 1829 303 1887 tulisset
336 1829 588 1888 Socrates
631 1828 702 1887 de
745 1829 875 1887 data
918 1828 1039 1908 lege
1082 1850 1184 1910 per
1224 1829 1549 1888 universum
1592 1826 1782 1886 orbem
1827 1848 1939 1907 qua

81 1922 316 1982 facultas
361 1923 621 1982 omnibus
665 1923 819 1983 fieret
860 1924 1034 1995 duas,
1077 1937 1172 1983 aut
1214 1923 1405 2003 plures
1450 1923 1692 1982 ducendi
1736 1944 1938 1982 uxores

81 2018 251 2099 priori
291 2019 608 2099 superstite.
647 2020 826 2079 Immo
857 2040 967 2078 non
999 2019 1139 2078 levis
1174 2018 1386 2099 ubique
1429 2018 1699 2077 excitatus
1746 2017 1948 2076 fuisset

80 2115 350 2175 tumultus
372 2164 384 2185 ‚
425 2116 474 2175 si
513 2138 681 2197 quam
715 2116 1012 2175 duxissent
1041 2115 1272 2175 alteram
1304 2137 1561 2186 uxorem,
1598 2137 1721 2174 eam
1755 2114 1943 2173 dimit-

82 2224 198 2270 tere
228 2211 299 2270 ob
330 2211 651 2291 abrogatam
682 2210 860 2290 legem
896 2211 1050 2271 illam
1080 2211 1433 2271 debuissent.
1465 2211 1521 2270 7.
1550 2211 1806 2292 Denique
1836 2231 1948 2269 cer⁴

86 2319 199 2365 tum
237 2320 321 2366 est
362 2320 477 2366 tum
513 2307 917 2367 Theodoretum
950 2321 1067 2367 tum
1108 2308 1474 2367 Sozomenum
1523 2307 1734 2366 Socrati
1785 2325 1946 2365 coae-

91 2423 218 2473 vos,
268 2403 478 2484 quique
515 2415 673 2483 gesta
701 2402 1069 2462 Valentiniani
1102 2402 1382 2484 prosecuti
1419 2414 1577 2472 sunt,
1616 2423 1686 2460 ne
1714 2401 1946 2461 verbum

90 2498 315 2577 quidem
341 2499 456 2558 sive
478 2499 549 2557 de
571 2520 638 2557 ea
659 2498 780 2578 lege
796 2546 808 2570 ,
846 2499 964 2559 sive
988 2499 1059 2556 de
1082 2497 1453 2558 Valentiniani
1477 2497 1803 2579 polygamia
1825 2519 1948 2556 um-

90 2613 255 2671 quam
291 2593 511 2653 fecisse.
548 2595 744 2676 Itaque
775 2594 917 2654 inter
941 2594 1205 2674 figmenta
1229 2606 1411 2654 cetera
1433 2593 1685 2652 eiusdem
1710 2593 1947 2674 scripto-

94 2683 171 2744 ris
207 2698 260 2744 et
290 2687 398 2746 hoc
438 2690 788 2748 referendum
832 2704 953 2762 est,
1001 2689 1568 2768 constituendumque
1609 2687 1950 2746 Valentinia-

92 2803 222 2839 num
281 2794 407 2862 post
459 2783 693 2842 Severae
734 2783 947 2843 obitum
990 2784 1263 2842 Iustinam
1312 2782 1545 2841 duxisse
1584 2781 1947 2863 legitimoque

93 2898 212 2935 eam
257 2876 365 2936 sibi
409 2877 706 2958 copulasse
750 2878 1041 2957 coniugio,
1078 2890 1244 2959 prout
1286 2877 1452 2937 modo
1494 2877 1807 2938 concedunt
1837 2877 1947 2958 ipsi

92 2984 456 3052 protestantes
491 2973 742 3033 veritatis
773 2973 1052 3033 evidentia
1081 2973 1359 3055 compulsi
1390 2975 1578 3052 (172).

209 3112 316 3163 (168)
343 3115 390 3153 In
407 3114 533 3164 Epist.
550 3116 582 3153 Ι.
598 3116 660 3154 De
679 3114 864 3156 muliere
882 3117 1037 3165 sepcies
1046 3124 1256 3166 percussa
1275 3112 1334 3154 ad
1348 3115 1669 3155 Innocentium.
1683 3113 1758 3154 Ed.
1773 3114 1948 3155 vallars.

209 3177 317 3228 (169)
343 3178 432 3218 Lib.
457 3181 641 3220 xxvm.

210 3245 318 3295 (170)
346 3248 441 3287 Erat
463 3248 561 3286 tunc
580 3259 682 3287 rom.
701 3248 880 3299 pontifex
897 3250 1097 3288 Damasus
1111 3278 1123 3298 ‚
1145 3247 1337 3287 vivebant
1360 3258 1394 3287 s.
1408 3247 1646 3287 Ambrosius
1661 3278 1672 3298 ,
1698 3258 1732 3288 s.
1752 3247 1946 3297 Hierony·

89 3321 203 3359 mus,
237 3311 383 3352 deinde
409 3324 504 3353 vero
527 3325 560 3354 s.
580 3314 853 3365 Augustinus,
874 3314 1044 3354 Orosius
1059 3344 1070 3364 ‚
1099 3313 1252 3365 aliique
1271 3315 1343 3364 qui
1364 3310 1517 3364 passim
1545 3313 1630 3354 suis
1656 3314 1699 3353 in
1721 3312 1883 3364 scriptis
1899 3312 1950 3352 de

91 3376 316 3427 polygamia
336 3380 527 3429 egerunt,
548 3381 819 3431 expendentes
837 3376 1074 3433 praesertim
1095 3379 1198 3420 illud
1212 3379 1395 3431 Apostoli
1420 3379 1569 3421 LTim.
1587 3386 1623 3420 3.
1644 3381 1779 3420 Unius
1797 3380 1951 3419 uxoris

93 3452 251 3483 varum.

209 3510 314 3560 (171)
338 3513 432 3562 Leg.
453 3516 492 3553 7.
515 3511 617 3553 Cod.
640 3512 694 3553 de
716 3512 913 3554 Iudaeis.

210 3575 316 3628 (172)
342 3579 445 3619 Sane
476 3580 599 3620 veluti
631 3580 819 3621 fabellam
844 3581 1021 3622 Socratis
1046 3580 1260 3621 historiam
1286 3579 1426 3621 reiecit
1444 3582 1514 3621 W.
1538 3580 1683 3620 Lowth
1705 3579 1746 3618 in
1772 3579 1879 3618 notis
1899 3578 1948 3617 ad

1788 3644 1821 3678 ,γ
